%% This BibTeX bibliography file was created using BibDesk.
%% http://bibdesk.sourceforge.net/


%% Created for Jie Cheng at 2016-10-31 12:44:21 -0400 


%% Saved with string encoding Unicode (UTF-8) 



@article{Rosamond,
	Author = {W. Rosamond and K. Flegal and G. Friday and K. Furie and A. Go and K. Greenlund and N. Haase and M. Ho and V. Howard and B. Kissela and S. Kittner and D. Lloyd-Jones and M. McDermott and J. Meigs and C. Moy and G. Nichol and C. ODonnell and V. Roger and J. Rumsfeld and P. Sorlie and J. Steinberger and T. Thom and S. Wasserthiel-Smoller and Y. Hong},
	Date-Added = {2016-10-31 16:40:53 +0000},
	Date-Modified = {2016-10-31 16:44:19 +0000},
	Journal = {Circulation},
	Pages = {69--171},
	Title = {Heart disease and stroke statistics-2007 update: a report from the American Heart Association Statistics Committee and Stroke Statistics Subcommittee},
	Volume = {115},
	Year = {2007}}

@article{Figueroa,
	Author = {C. Alberto Figueroa and Seungik Baek and Charles A. Taylor and Jay D. Humphrey},
	Date-Added = {2016-09-20 15:12:10 +0000},
	Date-Modified = {2016-09-20 15:13:24 +0000},
	Journal = {Computer Methods in Applied Mechanics and Engineering},
	Pages = {3583--3602},
	Title = {A computational framework for fluid--solid-growth modeling in cardiovascular simulations},
	Volume = {198},
	Year = {2009}}

@article{Baek,
	Author = {S. Baek and R.L. Gleason and K.R. Rajagopal and J.D. Humphrey},
	Date-Added = {2016-09-20 15:08:52 +0000},
	Date-Modified = {2016-09-20 15:10:09 +0000},
	Journal = {Computer Methods in Applied Mechanics and Engineering},
	Pages = {3070--3078},
	Title = {Theory of small on large: Potential utility in computations of fluid-solid interactions in arterires},
	Volume = {196},
	Year = {2007}}

@article{Lucy,
	Author = {Lucy T. Zhang and Axel Gerstenberger and Xiaodong Wang and Wing Kam Liu},
	Date-Added = {2016-09-19 21:01:44 +0000},
	Date-Modified = {2016-09-19 21:03:10 +0000},
	Journal = {Computer Methods in Applied Mechanics and Engineering},
	Pages = {2051--2067},
	Title = {Immersed finite element method},
	Volume = {193},
	Year = {2004}}

@article{Lucy2,
	Author = {L.T. Zhang and M. Gay},
	Date-Added = {2016-09-19 21:00:42 +0000},
	Date-Modified = {2016-09-19 21:01:40 +0000},
	Journal = {Journal of Fluids and Structures},
	Pages = {839--857},
	Title = {Immersed finite element method for fluid-structure interactions},
	Volume = {23},
	Year = {2007}}

@article{Lucy3,
	Author = {Xingshi Wang and Chu Wang and Lucy T. Zhang},
	Date-Added = {2016-09-19 20:58:23 +0000},
	Date-Modified = {2016-09-19 21:00:10 +0000},
	Journal = {Computational Mechanics},
	Pages = {421--430},
	Title = {Semi-implicit formulation of the immersed finite element method},
	Volume = {49},
	Year = {2012}}

@article{Lucy4,
	Author = {Xingshi Wang and Lucy T. Zhang},
	Date-Added = {2016-09-14 02:29:23 +0000},
	Date-Modified = {2016-09-19 20:59:05 +0000},
	Journal = {Computer Methods in Applied Mechanics and Engineering},
	Pages = {150--169},
	Title = {Modified immersed finite element method for fully-coupled fluid-structure interactions},
	Volume = {267},
	Year = {2013}}

@article{Lubarda2,
	Author = {V.A. Lubarda and A. Hoger},
	Date-Added = {2016-09-05 02:12:01 +0000},
	Date-Modified = {2016-09-05 02:13:06 +0000},
	Journal = {International Journal of Solids and Structures},
	Pages = {4627--4664},
	Title = {On the mechanics of solids with a growing mass},
	Volume = {39},
	Year = {2002}}

@book{Holzapfel,
	Author = {G.A. Holzapfel},
	Date-Added = {2016-09-04 02:51:40 +0000},
	Date-Modified = {2016-09-04 02:52:55 +0000},
	Edition = {1},
	Publisher = {Wiley},
	Title = {Nonlinear Solid Mechanics: a Continuum Approach for Engineering},
	Year = {2000}}

@article{Rausch,
	Author = {M.K. Rausch and A. Dam and S. Goktepe and O.J. Abilez and E. Kuhl},
	Date-Added = {2016-09-02 04:11:39 +0000},
	Date-Modified = {2016-09-02 04:12:41 +0000},
	Journal = {Biomechanics and Modeling in Mechanobiology},
	Pages = {799--811},
	Title = {Computational modeling of growth: systemic and pulmonary hypertension in the heart},
	Volume = {10},
	Year = {2011}}

@article{Goktepe2,
	Author = {S. Goktepe and O.J. Abilez and E. Kuhl},
	Date-Added = {2016-09-02 04:06:14 +0000},
	Date-Modified = {2016-09-02 04:06:56 +0000},
	Journal = {Journal of Mechanics and Physics of Solids},
	Pages = {1661--1680},
	Title = {A generic approach towards finite growth with examples of athlete's heart, cardiac dilation, and cardiac wall thickening},
	Volume = {58},
	Year = {2010}}

@article{Kuhl5,
	Author = {E. Kuhl and G.A. Holzapfel},
	Date-Added = {2016-09-02 03:59:02 +0000},
	Date-Modified = {2016-09-02 04:00:08 +0000},
	Journal = {Journal of Material Science},
	Pages = {8811--8823},
	Title = {A continuum model for remodeling in living structures},
	Volume = {42},
	Year = {2007}}

@article{Tsamis,
	Author = {A. Tsamis and A. Cheng and T.C. Nguyen and F. Langer and D.C. Miller and E. Kuhl},
	Date-Added = {2016-09-02 03:53:35 +0000},
	Date-Modified = {2016-09-02 03:55:09 +0000},
	Journal = {Journal of the Mechanical Behavior of Biomedical Materials},
	Pages = {165--177},
	Title = {Kinematics of cardiac growth--in vivo characterization of growth tensors and strains},
	Volume = {8},
	Year = {2012}}

@article{Zollner,
	Author = {A.M. Zollner and T.A. Buganza and E. Kuhl},
	Date-Added = {2016-09-02 03:43:07 +0000},
	Date-Modified = {2016-09-02 03:45:48 +0000},
	Journal = {Journal of Theoretical Biology},
	Pages = {166--175},
	Title = {On the biomechanics and On the biomechanics and mechanobiology of growing skin},
	Volume = {297},
	Year = {2012}}

@article{Zollner2,
	Author = {A.M. Zollner and T.A. Buganza and A.K. Gosain and E. Kuhl},
	Date-Added = {2016-09-02 03:38:58 +0000},
	Date-Modified = {2016-09-02 03:43:04 +0000},
	Journal = {Biomechanics and Modeling in Mechanobiology},
	Number = {6},
	Pages = {855--867},
	Title = {Growing skin-tissue expansion in pediatric forehead reconstruction},
	Volume = {11},
	Year = {2012}}

@article{Oster,
	Author = {G.F. Oster and J.D. Murray},
	Date-Added = {2016-09-02 03:22:17 +0000},
	Date-Modified = {2016-09-02 03:23:53 +0000},
	Journal = {Journal of Embryology and Experimental Morphology},
	Pages = {83--125},
	Title = {Mechanical aspects of mesenchymal morphogenesis},
	Year = {78}}

@article{Murray2,
	Author = {J.D. Murray and G.F. Oster and A.K. Harris},
	Date-Added = {2016-09-02 03:19:55 +0000},
	Date-Modified = {2016-09-02 03:21:10 +0000},
	Journal = {Journal of Mathematical Biology},
	Pages = {125--129},
	Title = {A mechanical model for mesenchymal morphogenesis},
	Volume = {17},
	Year = {1983}}

@book{Murray,
	Author = {J.D. Murray},
	Date-Added = {2016-09-02 03:04:12 +0000},
	Date-Modified = {2016-09-02 03:04:47 +0000},
	Publisher = {Springer-Verlag New York},
	Title = {Mathematical Biology: Spatial Models and Biomedical Applications},
	Year = {2002}}

@article{Garikipati3,
	Author = {K. Garikipati and J.E. Olberding and H. Narayanan and E.M. Arruda and K. Grosh and S.C. Calve},
	Date-Added = {2016-09-02 01:52:38 +0000},
	Date-Modified = {2016-09-02 01:54:40 +0000},
	Journal = {Journal of Mechanics and Physics of Solids},
	Pages = {1493--1515},
	Title = {Biological remodeling: stationary energy, configuration change, internal variables and dissipation},
	Volume = {54},
	Year = {2006}}

@article{Kuhl4,
	Author = {E. Kuhl and K. Garikipati and E.M. Arruda and K. Grosh},
	Date-Added = {2016-09-02 01:50:58 +0000},
	Date-Modified = {2016-09-02 01:52:07 +0000},
	Journal = {Journal of Mechanics and Physics of Solids},
	Pages = {1552--1573},
	Title = {Remodeling of biological tissue: Mechanically-induced reorientation of a transversely isotropic chain network},
	Volume = {53},
	Year = {2005}}

@article{Goktepe,
	Author = {S. Goktepe and O.J. Abilez and K.K. Parker and E. Kuhl},
	Date-Added = {2016-09-02 01:14:53 +0000},
	Date-Modified = {2016-09-02 01:18:47 +0000},
	Journal = {Journal of Theoretical Biology},
	Pages = {433--442},
	Title = {A multiscale model for eccentric and concentric cardiac growth through sarcomerogenesis},
	Volume = {265},
	Year = {2010}}

@article{Kroon,
	Author = {W. Kroon and T. Delhaas and T. Arts and P. Bovendeerd},
	Date-Added = {2016-09-02 01:13:28 +0000},
	Date-Modified = {2016-09-02 01:14:28 +0000},
	Journal = {Biomechanics and Modeling in Mechanobiology},
	Pages = {309--310},
	Title = {Computational modeling of volumetric soft tissue growth: application to the cardiac left ventricle},
	Volume = {8},
	Year = {2009}}

@article{Taber,
	Author = {L.A. Taber and J.D. Humphrey},
	Date-Added = {2016-09-02 01:10:56 +0000},
	Date-Modified = {2016-09-02 01:12:03 +0000},
	Journal = {Journal of Biomechanical Engineering},
	Pages = {528--535},
	Title = {Stress-modulated growth, residual stress, and vascular heterogeneity},
	Volume = {123},
	Year = {2001}}

@article{Humphrey3,
	Author = {J.D. Humphrey},
	Date-Added = {2016-09-02 01:06:46 +0000},
	Date-Modified = {2016-09-02 01:09:58 +0000},
	Journal = {Cell Biochemistry and Biophysics},
	Pages = {53--78},
	Title = {Vascular adaptation and mechanical homeostasis at tissue, cellular, and sub-cellular levels},
	Volume = {50},
	Year = {2008}}

@book{Humphrey2,
	Author = {J.D. Humphrey},
	Date-Added = {2016-09-02 01:02:35 +0000},
	Date-Modified = {2016-09-02 01:24:04 +0000},
	Edition = {1},
	Publisher = {Springer-Verlag New York},
	Title = {Cardiovascular Solid Mechanics},
	Year = {2002}}

@article{Ambrosi2,
	Author = {D. Ambrosi and F. Mollica},
	Date-Added = {2016-09-02 00:58:17 +0000},
	Date-Modified = {2016-09-02 00:59:38 +0000},
	Journal = {International Journal of Engineering Science},
	Pages = {1297--1316},
	Title = {On the mechanics of a growing tumor},
	Volume = {40},
	Year = {2002}}

@article{Garikipati2,
	Author = {K. Garikipati and E.M. Arruda, K. Grosh and H. Narayanan and S. Calve},
	Date-Added = {2016-09-02 00:53:13 +0000},
	Date-Modified = {2016-09-02 00:56:41 +0000},
	Journal = {Journal of Mechanics and Physics of Solids},
	Pages = {1595--1625},
	Title = {A continuum treatment of growth in biological tissue: the coupling of mass transport and mechanics},
	Volume = {52},
	Year = {2004}}

@article{Kuhl3,
	Author = {E. Kuhl and R. Maas and G. Himpel and A. Menzel},
	Date-Added = {2016-09-02 00:40:06 +0000},
	Date-Modified = {2016-09-02 00:41:04 +0000},
	Journal = {Biomechanics and Modeling in Mechanobiology},
	Pages = {321--331},
	Title = {Computational modeling of arterial wall growth: attempts towards patient-specific simulations based on computer tomography},
	Volume = {6},
	Year = {2007}}

@article{Himpel,
	Author = {G. Himpel and E. Kuhl and A. Menzel and P. Steinmann},
	Date-Added = {2016-09-02 00:35:59 +0000},
	Date-Modified = {2016-09-02 01:28:14 +0000},
	Journal = {Computer Modeling in Engineering and Sciences},
	Pages = {119--134},
	Title = {Computational modeling of isotropic multiplicative growth},
	Volume = {8},
	Year = {2005}}

@article{Lubarda,
	Author = {V.A. Lubarda},
	Date-Added = {2016-09-01 14:08:56 +0000},
	Date-Modified = {2016-09-01 14:11:11 +0000},
	Journal = {Applied Mechanics Reviews},
	Number = {2},
	Pages = {951--107},
	Title = {Constitutive theories based on the multiplicative decomposition of deformation gradient: thermoelasticity, elastoplasticity and biomechanics},
	Volume = {57},
	Year = {2004}}

@article{Garikipati,
	Author = {K. Garikipati},
	Date-Added = {2016-09-01 14:06:47 +0000},
	Date-Modified = {2016-09-02 01:23:18 +0000},
	Journal = {Applied Mechanics Reviews},
	Number = {3},
	Pages = {030801.1--030801.7},
	Title = {The kinematics of biological growth},
	Volume = {62},
	Year = {2009}}

@inbook{Skalak,
	Author = {Richard Skalak},
	Date-Added = {2016-09-01 13:27:31 +0000},
	Date-Modified = {2016-09-01 13:36:02 +0000},
	Pages = {347--355},
	Publisher = {Springer Netherlands},
	Series = {Proceedings of the IUTAM Symposium on Finite Elasticity: Held at Lehigh University, Bethlehem, PA, USA August 10--15, 1980},
	Title = {Growth as a finite displacement field},
	Year = {1982}}

@article{Hsu,
	Author = {Feng-Hsiang Hsu},
	Date-Added = {2016-09-01 13:25:44 +0000},
	Date-Modified = {2016-09-01 13:26:44 +0000},
	Journal = {Journal of Biomechanics},
	Number = {4},
	Pages = {303--311},
	Title = {The influence of mechanical loads on the form of a growing elastic body},
	Volume = {1},
	Year = {1968}}

@article{Menzel2,
	Author = {A. Menzel},
	Date-Added = {2016-09-01 13:14:58 +0000},
	Date-Modified = {2016-09-01 13:15:26 +0000},
	Journal = {Biomechanics and Modeling in Mechanobiology},
	Number = {5},
	Pages = {303--320},
	Title = {A fibre reorientation model for orthotropic multiplicative growth},
	Volume = {6},
	Year = {2007}}

@article{Goriely,
	Author = {Alain Goriely and Martine Ben Amar},
	Date-Added = {2016-09-01 13:13:23 +0000},
	Date-Modified = {2016-09-01 13:14:11 +0000},
	Journal = {Biomechanics and Modeling in Mechanobiology},
	Number = {5},
	Pages = {289--296},
	Title = {On the definition and modeling of incremental, cumulative, and continuous growth laws in morphoelasticity},
	Volume = {6},
	Year = {2007}}

@article{Krishnamurthy,
	Author = {G. Krishnamurthy and D.B. Ennis and A. Itoh and W. Botche},
	Date-Added = {2016-09-01 03:39:41 +0000},
	Date-Modified = {2016-09-01 03:42:59 +0000},
	Journal = {American Journal of Physiology -- Heart and Circulatory Physilogy},
	Pages = {H0010--H1149},
	Title = {Material properties of the ovine mitral valve anterior leaflet in vivo from inverse finite element analysis},
	Volume = {295},
	Year = {2008}}

@article{Mow,
	Author = {V.C. Mow and M.H. Holmes and W.M. Lai},
	Date-Added = {2016-09-01 03:37:27 +0000},
	Date-Modified = {2016-09-01 03:39:07 +0000},
	Journal = {Journal of Biomechanics},
	Pages = {377-394},
	Title = {Fluid transport and mechanical properties of articular cartilage --- a review},
	Volume = {17},
	Year = {1984}}

@article{Rodriguez,
	Author = {E.K.Rodriguez and A. Hoger and A.D. McCulloch},
	Date-Added = {2016-09-01 03:34:56 +0000},
	Date-Modified = {2016-09-01 03:36:32 +0000},
	Journal = {Journal of Biomechanics},
	Pages = {455--467},
	Title = {Stress-dependent finite growth in soft elastic tissues},
	Volume = {27},
	Year = {1994}}

@article{Pang,
	Author = {H. Pang and A.P. Shiwalkar and C.M. Madormo and R.E. Taylor and T.P. Andriacchi and E. Kuhl},
	Date-Added = {2016-09-01 03:16:59 +0000},
	Date-Modified = {2016-09-01 03:21:10 +0000},
	Journal = {Biomechanics and Modeling in Mechanobiology},
	Pages = {379--390},
	Title = {Computational modeling of bone density profiles in response to gait: A subject-specific approach},
	Volume = {11},
	Year = {2012}}

@article{Kuhl2,
	Author = {E. Kuhl and P. Steinmann},
	Date-Added = {2016-09-01 03:13:47 +0000},
	Date-Modified = {2016-09-01 03:15:01 +0000},
	Journal = {International Journal of Numerical Methods in Engineering},
	Pages = {1593--1615},
	Title = {Theory and numerics of geometrically nonlinear open systems},
	Volume = {58},
	Year = {2003}}

@article{Isaksson,
	Author = {H. Isaksson},
	Date-Added = {2016-09-01 02:56:51 +0000},
	Date-Modified = {2016-09-01 02:57:38 +0000},
	Journal = {Mechanics Research Communications},
	Pages = {22--31},
	Title = {Recent advances in mechanobiological modeling of bone regenation},
	Volume = {42},
	Year = {2012}}

@article{Kuhl,
	Author = {E. Kuhl and A. Menzel and P. Steinmann},
	Date-Added = {2016-09-01 02:52:07 +0000},
	Date-Modified = {2016-09-01 02:52:56 +0000},
	Journal = {Computational Mechanics},
	Pages = {71--88},
	Title = {Computational modeling of growth},
	Volume = {32},
	Year = {2003}}

@article{Menzel,
	Author = {Andreas Menzel and Ellen Kuhl},
	Date-Added = {2016-09-01 02:37:18 +0000},
	Date-Modified = {2016-09-01 02:38:12 +0000},
	Journal = {Mechanics Research Communications},
	Pages = {1--14},
	Title = {Frontiers in growth and remodeling},
	Volume = {42},
	Year = {2012}}

@article{Ambrosi,
	Author = {D. Ambrosi and G.A. Ateshian and E.M. Arruda and S.C. Cowin and J. Dumais and A. Goriely and G.A. Holzapfel and J.D. Humphrey and R. Kemkemer and E. Kuhl and J.E. Olberding and L.A. Taber and K. Garikipati},
	Date-Added = {2016-09-01 02:23:23 +0000},
	Date-Modified = {2016-09-01 02:26:36 +0000},
	Journal = {Journal of the Mechanics and Physics of Solids},
	Pages = {863--883},
	Title = {Perspecitves on biological growth and remodeling},
	Volume = {59},
	Year = {2011}}

@article{Ateshian,
	Author = {Gerard A. Ateshian},
	Date-Added = {2016-08-31 21:03:18 +0000},
	Date-Modified = {2016-09-01 03:24:33 +0000},
	Journal = {Biomechanics and Modeling in Mechanobiology},
	Month = {November},
	Number = {6},
	Pages = {423--445},
	Title = {On the theory of reactive mixtures for modeling biological growth},
	Volume = {6},
	Year = {2007}}

@article{Humphrey,
	Author = {J.D. Humphrey and K.R. Rajagopal},
	Date-Added = {2016-08-31 21:01:09 +0000},
	Date-Modified = {2016-09-02 01:03:29 +0000},
	Journal = {Biomechanics and Modeling in Mechanobiology},
	Number = {2},
	Pages = {109--126},
	Title = {A constrained mixture model for arterial adaptations to a sustained step change in blood flow},
	Volume = {2},
	Year = {2003}}

@book{Rajagopal,
	Author = {Kumbakonam Ramamani Rajagopal and L. Tao},
	Date-Added = {2016-08-31 20:41:12 +0000},
	Date-Modified = {2016-08-31 20:42:23 +0000},
	Month = {October},
	Publisher = {World Scientific},
	Title = {Mechanics of Mixtures},
	Year = {1995}}

@inbook{Bowen,
	Author = {R. M. Bowen},
	Chapter = {2},
	Date-Added = {2016-08-31 20:36:26 +0000},
	Date-Modified = {2016-08-31 20:40:01 +0000},
	Pages = {1--127},
	Publisher = {Academic Press},
	Series = {Continuum Physics, Mixtures and EM Field Theories},
	Title = {Theory of Mixtures},
	Volume = {3},
	Year = {1976}}

@article{Richards,
	Author = {Oscar W. Richards and Arthur J. Kavanagh},
	Date-Added = {2016-08-31 20:29:42 +0000},
	Date-Modified = {2016-08-31 20:30:58 +0000},
	Journal = {The American Naturalist},
	Number = {772},
	Pages = {385--399},
	Title = {The analysis of the relative growth gradients and changing form of growing organisms illustrated by the tobacco leaf},
	Volume = {77},
	Year = {1943}}

@article{Erickson2,
	Author = {Ralph O. Erickson},
	Date-Added = {2016-08-31 20:27:56 +0000},
	Date-Modified = {2016-08-31 20:29:00 +0000},
	Journal = {Annual Review of Plant Physiology},
	Number = {407--434},
	Title = {Modeling of plant growth},
	Volume = {27},
	Year = {1976}}

@article{Erickson,
	Author = {Ralph O. Erickson},
	Date-Added = {2016-08-31 20:25:45 +0000},
	Date-Modified = {2016-08-31 20:27:08 +0000},
	Journal = {Journal of Experimental Botany},
	Number = {2},
	Pages = {390--403},
	Title = {Relative elemental rates and anisotropy of growth in area: a computer programme},
	Volume = {17},
	Year = {1966}}

@article{Cowin,
	Author = {Stephen C. Cowin},
	Date-Added = {2016-08-31 20:20:07 +0000},
	Date-Modified = {2016-08-31 20:21:59 +0000},
	Journal = {International Journal of Engineering Science},
	Number = {1147--1145},
	Title = {Continuum kinematical modeling of mass increasing biological growth},
	Volume = {48},
	Year = {2010}}

@book{Truesdell,
	Author = {Clifford Truesdell and R. Toupin},
	Date-Added = {2016-08-31 20:08:24 +0000},
	Date-Modified = {2016-08-31 20:11:23 +0000},
	Publisher = {Springer},
	Title = {Principles of Classical Mechanics and Field Theory},
	Year = {1960}}

@article{Carter,
	Author = {DC Carter and WC Hayes},
	Date-Added = {2016-08-31 19:43:58 +0000},
	Date-Modified = {2016-08-31 19:47:22 +0000},
	Journal = {Journal of Bone and Joint Surgery, American Volume},
	Month = {October},
	Number = {7},
	Pages = {954--962},
	Title = {The compressive behavior of bone as a two-phase porous structure},
	Volume = {59},
	Year = {1977}}

@book{Huxley,
	Author = {Julian S. Huxley},
	Date-Added = {2016-08-31 19:41:23 +0000},
	Date-Modified = {2016-08-31 19:42:26 +0000},
	Publisher = {Methuen And Company Limited},
	Title = {Problems of Relative Growth},
	Year = {1932}}

@book{Thompson,
	Author = {D'Arcy Wentworth Thompson},
	Date-Added = {2016-08-31 19:32:17 +0000},
	Date-Modified = {2016-08-31 19:34:53 +0000},
	Publisher = {Cambridge University Press},
	Title = {On Growth and Form},
	Year = {1917}}
