%% This BibTeX bibliography file was created using BibDesk.
%% http://bibdesk.sourceforge.net/


%% Created for Lucy at 2017-01-09 16:52:04 -0500 


%% Saved with string encoding Unicode (UTF-8) 



@conference{takeuchi,
	Address = {Kyoto University, Kyoto, Japan},
	Author = {Lucy T. Zhang and Shintaro Takeuchi},
	Booktitle = {Bulletin of Research Institute for Mathematical Sciences (RIMS)},
	Date-Added = {2016-10-19 02:08:44 +0000},
	Date-Modified = {2016-10-19 02:13:29 +0000},
	Month = {Nov.},
	Organization = {Proceedings of the 2nd Symposium on Role of the Flow Structure and its Analysis in Bio-Fluid Mechanics and Related Problems},
	Title = {Fluid-structure interaction analysis using fixed-grid methods for biomedical applications},
	Year = {2013}}

@article{wang-nm,
	Author = {Wang, J and Lu, Z. and Gao, Y. and Wientjes, M.G. and Au, J. L-S.},
	Date-Added = {2016-10-17 01:04:29 +0000},
	Date-Modified = {2016-10-17 01:06:54 +0000},
	Journal = {Nanomedicine},
	Number = {9},
	Pages = {10.2217},
	Title = {Improving delivery and efficacy of nanomedicines in solid tumors: Role of tumor priming},
	Volume = {6},
	Year = {2011}}

@article{yong-slip2013,
	Author = {Xin Yong and Lucy T. Zhang},
	Date-Added = {2016-10-09 05:28:22 +0000},
	Date-Modified = {2016-10-09 05:29:03 +0000},
	Journal = {Microfluidics and Nanofluidics},
	Pages = {299-308},
	Title = {Slip in nanoscale shear flow: mechanisms of interfacial friction},
	Volume = {14},
	Year = {2013}}

@article{cwang2013,
	Author = {Chu Wang and Xingshi Wang and Lucy T. Zhang},
	Date-Added = {2016-10-09 05:27:29 +0000},
	Date-Modified = {2016-10-09 05:28:17 +0000},
	Journal = {Journal of Computational Physics},
	Pages = {58-75},
	Title = {Connectivity-free front tracking method for multiphase flows with free surfaces},
	Volume = {241},
	Year = {2013}}

@article{yong-2013-jcp,
	Author = {Xin Yong and Lucy T. Zhang},
	Date-Added = {2016-10-09 05:26:26 +0000},
	Date-Modified = {2016-10-09 05:27:21 +0000},
	Journal = {Journal of Chemical Physics},
	Pages = {084503},
	Title = {Thermostats and thermostat strategies for molecular dynamics simulations of nanofluidics},
	Volume = {138},
	Year = {2013}}

@article{wang-zhang-mifem,
	Author = {Xingshi Wang and Lucy T. Zhang},
	Date-Added = {2016-10-09 05:25:44 +0000},
	Date-Modified = {2016-10-09 05:26:20 +0000},
	Journal = {Computer Methods in Applied Mechanics and Engineering},
	Pages = {150-169},
	Title = {Modified immersed finite element method for solid-dominated fully-coupled fluid-structure interactions},
	Volume = {267},
	Year = {2013}}

@article{zhang2013,
	Author = {Lucy T. Zhang and Chu Wang and Xingshi Wang},
	Date-Added = {2016-10-09 05:24:46 +0000},
	Date-Modified = {2016-10-09 05:25:29 +0000},
	Journal = {Journal of Coupled Systems and Multiscale Dynamics},
	Pages = {169-177},
	Title = {Modeling of coupled dynamics for fluid-structure interactions},
	Volume = {1},
	Year = {2013}}

@article{yong2013,
	Author = {Xin Yong and Lucy T. Zhang},
	Date-Added = {2016-10-09 05:23:55 +0000},
	Date-Modified = {2016-10-09 05:24:40 +0000},
	Journal = {Langmuir},
	Number = {41},
	Pages = {12623-12627},
	Title = {Toward generating low-friction nanoengineered surfaces with liquid-vapor interfaces},
	Volume = {29},
	Year = {2013}}

@article{zhang2014,
	Author = {Lucy T. Zhang and Chu Wang and Xingshi Wang},
	Date-Added = {2016-10-09 05:22:53 +0000},
	Date-Modified = {2016-10-09 05:23:46 +0000},
	Journal = {Contemporary Mathematics},
	Pages = {37-57},
	Title = {The development and advances of the Immersed Finite Element Method},
	Volume = {628},
	Year = {2014}}

@article{chuwang2014,
	Author = {Chu Wang and Lucy T. Zhang},
	Date-Added = {2016-10-09 05:20:50 +0000},
	Date-Modified = {2016-10-09 05:34:07 +0000},
	Journal = {Computer Modeling in Engineering \& Sciences},
	Number = {1},
	Pages = {41-67},
	Title = {Simulations of blood drop spreading and impact for blood pattern analysis},
	Volume = {98},
	Year = {2014}}

@article{chuwang2015,
	Author = {Chu Wang and Lucy T. Zhang},
	Date-Added = {2016-10-09 05:19:30 +0000},
	Date-Modified = {2016-10-09 05:20:29 +0000},
	Journal = {Computer Methods in Applied Mechanics and Engineering},
	Pages = {123-146},
	Title = {Numerical modeling of gas-liquid-solid interactions: gas-liquid free surface interacting with deformable solids},
	Volume = {286},
	Year = {2015}}

@article{li-particletransport-2015,
	Author = {Ying Li and Yanping Lian and Lucy T. Zhang and Saad M. Aldousari and Hassan S. Hedia and Saeed A. Asiri and Wing Kam Liu},
	Date-Added = {2016-10-09 05:17:23 +0000},
	Date-Modified = {2016-10-09 05:19:13 +0000},
	Journal = {Royal Society A: Interface Focus},
	Pages = {20150086},
	Title = {Cell and Nanoparticle Transport in Tumour Microvasculature: the role of size, shape and surface functionality of nanoparticles},
	Volume = {6},
	Year = {2015}}

@article{wang2012semi,
	Author = {Wang, Xingshi and Wang, Chu and Zhang, Lucy T.},
	Date-Modified = {2016-03-12 05:54:15 +0000},
	Journal = {Computational Mechanics},
	Number = {4},
	Pages = {421--430},
	Publisher = {Springer},
	Title = {{Semi-implicit formulation of the immersed finite element method}},
	Volume = {49},
	Year = {2012}}

@article{wang2013modified,
	Author = {Wang, Xingshi and Zhang, Lucy T.},
	Date-Modified = {2016-03-12 06:53:29 +0000},
	Journal = {Computer Methods in Applied Mechanics and Engineering},
	Pages = {150--169},
	Publisher = {Elsevier},
	Title = {Modified immersed finite element method for fully-coupled fluid-structure interactions},
	Volume = {267},
	Year = {2013}}

@article{zhang2013advancements,
	Author = {Zhang, Lucy T. and Wang, Xingshi and Wang, Chu},
	Date-Modified = {2016-03-12 05:51:17 +0000},
	Journal = {Multiscale Simulations and Mechanics of Biological Materials},
	Pages = {207--218},
	Publisher = {Wiley Online Library},
	Title = {{Advancements in the Immersed Finite-Element Method and Bio-Medical Applications}},
	Year = {2013}}

@article{zhang2014modeling,
	Author = {Zhang, Lucy T},
	Journal = {Journal of Biomedical Science and Engineering},
	Publisher = {Scientific Research Publishing},
	Title = {Modeling of soft tissues interacting with fluid (blood or air) using the Immersed Finite Element Method},
	Volume = {2014},
	Year = {2014}}

@article{yang2016VFdraft,
	Author = {Yang, Jubiao and Wang, Xingshi and Krane, Michael H and Zhang, Lucy T},
	Date-Modified = {2017-01-09 21:50:30 +0000},
	Journal = {Computer Methods in Applied Mechanics and Engineering},
	Pages = {584-606},
	Title = {Fully-Coupled Aeroelastic Simulation with Fluid Compressibility - for Application to Vocal Fold Vibration},
	Volume = {315},
	Year = {2017}}

@article{yang2016CVBernoullidraft,
	Author = {Yang, Jubiao and Krane, Michael H and Zhang, Lucy T},
	Journal = {submitted for publication},
	Title = {Quantitative Analyses of Laryngeal Airflow Dynamics Regulated by Self-Sustained Vibration of Vocal Folds}}

@article{yang2016PMLdraft,
	Author = {Yang, Jubiao and Zhang, Lucy T},
	Date-Modified = {2016-10-09 05:34:51 +0000},
	Journal = {submitted to Journal of Fluid and Structures},
	Title = {The Effectiveness of Perfectly Matched Layer in Simulations of Fluid and Fluid-Structure Interactions},
	Year = {2016}}
