%% This BibTeX bibliography file was created using BibDesk.
%% http://bibdesk.sourceforge.net/


%% Created for Jie Cheng at 2016-04-12 17:14:34 -0400 


%% Saved with string encoding Unicode (UTF-8) 



@article{Fung3,
	Author = {Jiaping Xie and Jianbo Zhou and Y. C. Fung},
	Date-Added = {2016-04-12 21:12:20 +0000},
	Date-Modified = {2016-04-12 21:14:10 +0000},
	Journal = {Journal of Biomechanical Engineering},
	Month = {February},
	Number = {1},
	Pages = {136--145},
	Title = {Bending of blood vessel wall: stress-strain laws of the intima-media and adventitial layers},
	Volume = {117},
	Year = {1995}}

@article{Keitzer,
	Author = {Wolf W. Von Maltzahn and Rema G. Warriyar and W. Ford Keitzer},
	Date-Added = {2016-04-12 18:10:40 +0000},
	Date-Modified = {2016-04-12 18:15:11 +0000},
	Journal = {Journal of Biomechanics},
	Month = {June},
	Pages = {839--847},
	Title = {Experimental measurments of elastic properties of media and adventitia of bovine carotid arteries},
	Volume = {17},
	Year = {1984},
	Bdsk-File-1 = {YnBsaXN0MDDUAQIDBAUGJCVYJHZlcnNpb25YJG9iamVjdHNZJGFyY2hpdmVyVCR0b3ASAAGGoKgHCBMUFRYaIVUkbnVsbNMJCgsMDxJXTlMua2V5c1pOUy5vYmplY3RzViRjbGFzc6INDoACgAOiEBGABIAFgAdccmVsYXRpdmVQYXRoWWFsaWFzRGF0YV8QgS4uLy4uLy4uL0Ryb3Bib3gvUmVmZXJlbmNlcy9FeHBlcmltZW50YWwgbWVhc3VybWVudHMgb2YgZWxhc3RpYyBwcm9wZXJ0aWVzIG9mIG1lZGlhIGFuZCBhZHZlbnRpdGlhIG9mIGJvdmluZSBjYXJvdGlkIGFydGVyaWVzLnBkZtIXCxgZV05TLmRhdGFPEQKmAAAAAAKmAAIAAAxNYWNpbnRvc2ggSEQAAAAAAAAAAAAAAAAAAADP0/KGSCsAAAI6niAfRXhwZXJpbWVudGFsIG1lYXN1ciMyNUIyNjM2LnBkZgAAAAAAAAAAAAAAAAAAAAAAAAAAAAAAAAAAAAAAAAAAAlsmNtMu4BUAAAAAAAAAAAADAAMAAAkgAAAAAAAAAAAAAAAAAAAAClJlZmVyZW5jZXMAEAAIAADP1CrGAAAAEQAIAADTLxhVAAAAAQAQAjqeIACwq+cACTRJAAJm+QACAE1NYWNpbnRvc2ggSEQ6VXNlcnM6AEppZToARHJvcGJveDoAUmVmZXJlbmNlczoARXhwZXJpbWVudGFsIG1lYXN1ciMyNUIyNjM2LnBkZgAADgDMAGUARQB4AHAAZQByAGkAbQBlAG4AdABhAGwAIABtAGUAYQBzAHUAcgBtAGUAbgB0AHMAIABvAGYAIABlAGwAYQBzAHQAaQBjACAAcAByAG8AcABlAHIAdABpAGUAcwAgAG8AZgAgAG0AZQBkAGkAYQAgAGEAbgBkACAAYQBkAHYAZQBuAHQAaQB0AGkAYQAgAG8AZgAgAGIAbwB2AGkAbgBlACAAYwBhAHIAbwB0AGkAZAAgAGEAcgB0AGUAcgBpAGUAcwAuAHAAZABmAA8AGgAMAE0AYQBjAGkAbgB0AG8AcwBoACAASABEABIAglVzZXJzL0ppZS9Ecm9wYm94L1JlZmVyZW5jZXMvRXhwZXJpbWVudGFsIG1lYXN1cm1lbnRzIG9mIGVsYXN0aWMgcHJvcGVydGllcyBvZiBtZWRpYSBhbmQgYWR2ZW50aXRpYSBvZiBib3ZpbmUgY2Fyb3RpZCBhcnRlcmllcy5wZGYAEwABLwAAFQACAAr//wAAgAbSGxwdHlokY2xhc3NuYW1lWCRjbGFzc2VzXU5TTXV0YWJsZURhdGGjHR8gVk5TRGF0YVhOU09iamVjdNIbHCIjXE5TRGljdGlvbmFyeaIiIF8QD05TS2V5ZWRBcmNoaXZlctEmJ1Ryb290gAEACAARABoAIwAtADIANwBAAEYATQBVAGAAZwBqAGwAbgBxAHMAdQB3AIQAjgESARcBHwPJA8sD0APbA+QD8gP2A/0EBgQLBBgEGwQtBDAENQAAAAAAAAIBAAAAAAAAACgAAAAAAAAAAAAAAAAAAAQ3}}

@article{Rifai,
	Author = {J. C. Simo and M. S. Rifai},
	Date-Added = {2016-03-31 22:32:42 +0000},
	Date-Modified = {2016-03-31 22:33:54 +0000},
	Journal = {International Journal for Numerical Methods in Engineering},
	Pages = {1595--1638},
	Title = {A class of mixed assumed strain methods and the method of incompatible modes},
	Volume = {29},
	Year = {1990}}

@article{Cervera,
	Author = {M. Cervera and M. Chiumenti and R. Codina},
	Date-Added = {2016-03-31 22:25:31 +0000},
	Date-Modified = {2016-03-31 22:28:43 +0000},
	Journal = {Computational Methods in Applied Mechanics and Engineering},
	Month = {April},
	Pages = {2559--2570},
	Title = {Mixed stabilized finite element methods in nonlinear solid mechanics Part I: Formulation},
	Volume = {199},
	Year = {2010},
	Bdsk-File-1 = {YnBsaXN0MDDUAQIDBAUGJCVYJHZlcnNpb25YJG9iamVjdHNZJGFyY2hpdmVyVCR0b3ASAAGGoKgHCBMUFRYaIVUkbnVsbNMJCgsMDxJXTlMua2V5c1pOUy5vYmplY3RzViRjbGFzc6INDoACgAOiEBGABIAFgAdccmVsYXRpdmVQYXRoWWFsaWFzRGF0YV8QeC4uLy4uLy4uL0Ryb3Bib3gvUmVmZXJlbmNlcy9NaXhlZCBzdGFiaWxpemVkIGZpbml0ZSBlbGVtZW50IG1ldGhvZHMgaW4gbm9ubGluZWFyIHNvbGlkIG1lY2hhbmljcyBQYXJ0IEktIEZvcm11bGF0aW9uLnBkZtIXCxgZV05TLmRhdGFPEQKMAAAAAAKMAAIAAAxNYWNpbnRvc2ggSEQAAAAAAAAAAAAAAAAAAADP0/KGSCsAAAI6niAfTWl4ZWQgc3RhYmlsaXplZCBmaSMyNTc5MDM1LnBkZgAAAAAAAAAAAAAAAAAAAAAAAAAAAAAAAAAAAAAAAAAAAleQNdMjHHkAAAAAAAAAAAADAAMAAAkgAAAAAAAAAAAAAAAAAAAAClJlZmVyZW5jZXMAEAAIAADP1CrGAAAAEQAIAADTI1S5AAAAAQAQAjqeIACwq+cACTRJAAJm+QACAE1NYWNpbnRvc2ggSEQ6VXNlcnM6AEppZToARHJvcGJveDoAUmVmZXJlbmNlczoATWl4ZWQgc3RhYmlsaXplZCBmaSMyNTc5MDM1LnBkZgAADgC6AFwATQBpAHgAZQBkACAAcwB0AGEAYgBpAGwAaQB6AGUAZAAgAGYAaQBuAGkAdABlACAAZQBsAGUAbQBlAG4AdAAgAG0AZQB0AGgAbwBkAHMAIABpAG4AIABuAG8AbgBsAGkAbgBlAGEAcgAgAHMAbwBsAGkAZAAgAG0AZQBjAGgAYQBuAGkAYwBzACAAUABhAHIAdAAgAEkALQAgAEYAbwByAG0AdQBsAGEAdABpAG8AbgAuAHAAZABmAA8AGgAMAE0AYQBjAGkAbgB0AG8AcwBoACAASABEABIAeVVzZXJzL0ppZS9Ecm9wYm94L1JlZmVyZW5jZXMvTWl4ZWQgc3RhYmlsaXplZCBmaW5pdGUgZWxlbWVudCBtZXRob2RzIGluIG5vbmxpbmVhciBzb2xpZCBtZWNoYW5pY3MgUGFydCBJLSBGb3JtdWxhdGlvbi5wZGYAABMAAS8AABUAAgAK//8AAIAG0hscHR5aJGNsYXNzbmFtZVgkY2xhc3Nlc11OU011dGFibGVEYXRhox0fIFZOU0RhdGFYTlNPYmplY3TSGxwiI1xOU0RpY3Rpb25hcnmiIiBfEA9OU0tleWVkQXJjaGl2ZXLRJidUcm9vdIABAAgAEQAaACMALQAyADcAQABGAE0AVQBgAGcAagBsAG4AcQBzAHUAdwCEAI4BCQEOARYDpgOoA60DuAPBA88D0wPaA+MD6AP1A/gECgQNBBIAAAAAAAACAQAAAAAAAAAoAAAAAAAAAAAAAAAAAAAEFA==}}

@article{Hu,
	Author = {Haichang Hu},
	Date-Added = {2016-03-31 22:06:59 +0000},
	Date-Modified = {2016-03-31 22:09:34 +0000},
	Journal = {Acta Physica Sinica},
	Number = {3},
	Pages = {259--290},
	Title = {On some variational principles in the theory of elasticity and the theory of plasticity},
	Volume = {10},
	Year = {1954}}

@article{FEBio,
	Author = {Steve A. Mass and Benjamin J. Ellis and Gerard A. Ateshian and Jeffrey A. Weiss},
	Date-Added = {2016-03-25 15:33:25 +0000},
	Date-Modified = {2016-03-25 15:37:15 +0000},
	Journal = {Journal of Biomechanical Engineering},
	Pages = {1--10},
	Title = {FEBio: Finite Elements for Biomechanics},
	Volume = {134},
	Year = {2012},
	Bdsk-File-1 = {YnBsaXN0MDDUAQIDBAUGJCVYJHZlcnNpb25YJG9iamVjdHNZJGFyY2hpdmVyVCR0b3ASAAGGoKgHCBMUFRYaIVUkbnVsbNMJCgsMDxJXTlMua2V5c1pOUy5vYmplY3RzViRjbGFzc6INDoACgAOiEBGABIAFgAdccmVsYXRpdmVQYXRoWWFsaWFzRGF0YV8QRi4uLy4uLy4uL0Ryb3Bib3gvUmVmZXJlbmNlcy9GRUJpbyBGaW5pdGUgRWxlbWVudHMgZm9yIEJpb21lY2hhbmljcy5wZGbSFwsYGVdOUy5kYXRhTxEB9gAAAAAB9gACAAAMTWFjaW50b3NoIEhEAAAAAAAAAAAAAAAAAAAAz9PyhkgrAAACOp4gH0ZFQmlvIEZpbml0ZSBFbGVtZW4jMjU1N0UzMy5wZGYAAAAAAAAAAAAAAAAAAAAAAAAAAAAAAAAAAAAAAAAAAAJVfjPS/NmjAAAAAAAAAAAAAwADAAAJIAAAAAAAAAAAAAAAAAAAAApSZWZlcmVuY2VzABAACAAAz9QqxgAAABEACAAA0v0f8wAAAAEAEAI6niAAsKvnAAk0SQACZvkAAgBNTWFjaW50b3NoIEhEOlVzZXJzOgBKaWU6AERyb3Bib3g6AFJlZmVyZW5jZXM6AEZFQmlvIEZpbml0ZSBFbGVtZW4jMjU1N0UzMy5wZGYAAA4AVgAqAEYARQBCAGkAbwAgAEYAaQBuAGkAdABlACAARQBsAGUAbQBlAG4AdABzACAAZgBvAHIAIABCAGkAbwBtAGUAYwBoAGEAbgBpAGMAcwAuAHAAZABmAA8AGgAMAE0AYQBjAGkAbgB0AG8AcwBoACAASABEABIAR1VzZXJzL0ppZS9Ecm9wYm94L1JlZmVyZW5jZXMvRkVCaW8gRmluaXRlIEVsZW1lbnRzIGZvciBCaW9tZWNoYW5pY3MucGRmAAATAAEvAAAVAAIACv//AACABtIbHB0eWiRjbGFzc25hbWVYJGNsYXNzZXNdTlNNdXRhYmxlRGF0YaMdHyBWTlNEYXRhWE5TT2JqZWN00hscIiNcTlNEaWN0aW9uYXJ5oiIgXxAPTlNLZXllZEFyY2hpdmVy0SYnVHJvb3SAAQAIABEAGgAjAC0AMgA3AEAARgBNAFUAYABnAGoAbABuAHEAcwB1AHcAhACOANcA3ADkAt4C4ALlAvAC+QMHAwsDEgMbAyADLQMwA0IDRQNKAAAAAAAAAgEAAAAAAAAAKAAAAAAAAAAAAAAAAAAAA0w=}}

@manual{COMSOL,
	Address = {100 District Avenue 100 District Avenue, Burlington, MA 01803, USA},
	Author = {COMSOL},
	Date-Added = {2016-03-24 20:53:12 +0000},
	Date-Modified = {2016-03-24 20:58:52 +0000},
	Edition = {4.3},
	Month = {May},
	Organization = {COMSOL Inc.},
	Title = {COMSOL Multiphysics User's Guide},
	Year = {2012}}

@article{Fung2,
	Author = {C. J. Chuong and Y. C. Fung},
	Date-Added = {2016-03-18 04:02:35 +0000},
	Date-Modified = {2016-04-12 21:14:34 +0000},
	Journal = {Journal of Biomechanical Engineering},
	Pages = {189--192},
	Title = {On residual stress in arteries},
	Volume = {108},
	Year = {1986}}

@article{Fung,
	Author = {C.J. Chuong and Y.C. Fung},
	Date-Added = {2016-03-18 04:01:06 +0000},
	Date-Modified = {2016-03-18 04:02:30 +0000},
	Journal = {Journal of Biomechanical Engineering},
	Pages = {268--274},
	Title = {Three-dimensional stress distribution in arteries},
	Volume = {105},
	Year = {1983},
	Bdsk-File-1 = {YnBsaXN0MDDUAQIDBAUGJCVYJHZlcnNpb25YJG9iamVjdHNZJGFyY2hpdmVyVCR0b3ASAAGGoKgHCBMUFRYaIVUkbnVsbNMJCgsMDxJXTlMua2V5c1pOUy5vYmplY3RzViRjbGFzc6INDoACgAOiEBGABIAFgAdccmVsYXRpdmVQYXRoWWFsaWFzRGF0YV8QUS4uLy4uLy4uL0Ryb3Bib3gvUmVmZXJlbmNlcy9UaHJlZS1kaW1lbnNpb25hbCBzdHJlc3MgZGlzdHJpYnV0aW9uIGluIGFydGVyaWVzLnBkZtIXCxgZV05TLmRhdGFPEQIWAAAAAAIWAAIAAAxNYWNpbnRvc2ggSEQAAAAAAAAAAAAAAAAAAADP0/KGSCsAAAI6niAfVGhyZWUtZGltZW5zaW9uYWwgcyMyNEIwM0IxLnBkZgAAAAAAAAAAAAAAAAAAAAAAAAAAAAAAAAAAAAAAAAAAAksDsdMVsOIAAAAAAAAAAAADAAMAAAkgAAAAAAAAAAAAAAAAAAAAClJlZmVyZW5jZXMAEAAIAADP1CrGAAAAEQAIAADTFekiAAAAAQAQAjqeIACwq+cACTRJAAJm+QACAE1NYWNpbnRvc2ggSEQ6VXNlcnM6AEppZToARHJvcGJveDoAUmVmZXJlbmNlczoAVGhyZWUtZGltZW5zaW9uYWwgcyMyNEIwM0IxLnBkZgAADgBsADUAVABoAHIAZQBlAC0AZABpAG0AZQBuAHMAaQBvAG4AYQBsACAAcwB0AHIAZQBzAHMAIABkAGkAcwB0AHIAaQBiAHUAdABpAG8AbgAgAGkAbgAgAGEAcgB0AGUAcgBpAGUAcwAuAHAAZABmAA8AGgAMAE0AYQBjAGkAbgB0AG8AcwBoACAASABEABIAUlVzZXJzL0ppZS9Ecm9wYm94L1JlZmVyZW5jZXMvVGhyZWUtZGltZW5zaW9uYWwgc3RyZXNzIGRpc3RyaWJ1dGlvbiBpbiBhcnRlcmllcy5wZGYAEwABLwAAFQACAAr//wAAgAbSGxwdHlokY2xhc3NuYW1lWCRjbGFzc2VzXU5TTXV0YWJsZURhdGGjHR8gVk5TRGF0YVhOU09iamVjdNIbHCIjXE5TRGljdGlvbmFyeaIiIF8QD05TS2V5ZWRBcmNoaXZlctEmJ1Ryb290gAEACAARABoAIwAtADIANwBAAEYATQBVAGAAZwBqAGwAbgBxAHMAdQB3AIQAjgDiAOcA7wMJAwsDEAMbAyQDMgM2Az0DRgNLA1gDWwNtA3ADdQAAAAAAAAIBAAAAAAAAACgAAAAAAAAAAAAAAAAAAAN3}}

@article{Batra,
	Author = {R. C. Batra},
	Date-Added = {2016-03-17 19:53:44 +0000},
	Date-Modified = {2016-03-17 19:55:26 +0000},
	Journal = {International Journal for Numerical Methods in Engineering},
	Pages = {145--160},
	Title = {Finite plane strain deformations of rubberlike materials},
	Volume = {15},
	Year = {1980}}

@article{Gajewski,
	Author = {Marcin Gajewski and Radoslaw Szczerba and Stanislaw Jemiolo},
	Date-Added = {2016-03-17 17:13:52 +0000},
	Date-Modified = {2016-03-17 17:15:18 +0000},
	Journal = {Procedia Engineering},
	Pages = {220--227},
	Title = {Modelling of elastomeric bearings with application of Yeoh hyperelastic material model},
	Volume = {111},
	Year = {2015},
	Bdsk-File-1 = {YnBsaXN0MDDUAQIDBAUGJCVYJHZlcnNpb25YJG9iamVjdHNZJGFyY2hpdmVyVCR0b3ASAAGGoKgHCBMUFRYaIVUkbnVsbNMJCgsMDxJXTlMua2V5c1pOUy5vYmplY3RzViRjbGFzc6INDoACgAOiEBGABIAFgAdccmVsYXRpdmVQYXRoWWFsaWFzRGF0YV8Qdi4uLy4uLy4uL0Ryb3Bib3gvUmVmZXJlbmNlcy9Nb2RlbGxpbmcgb2YgRWxhc3RvbWVyaWMgQmVhcmluZ3Mgd2l0aCBBcHBsaWNhdGlvbiBvZiBZZW9oIEh5cGVyZWxhc3RpYyBNYXRlcmlhbCBNb2RlbC5wZGbSFwsYGVdOUy5kYXRhTxEChgAAAAAChgACAAAMTWFjaW50b3NoIEhEAAAAAAAAAAAAAAAAAAAAz9PyhkgrAAACOp4gH01vZGVsbGluZyBvZiBFbGFzdG8jMjRBNEI0OS5wZGYAAAAAAAAAAAAAAAAAAAAAAAAAAAAAAAAAAAAAAAAAAAJKS0nTEF4EAAAAAAAAAAAAAwADAAAJIAAAAAAAAAAAAAAAAAAAAApSZWZlcmVuY2VzABAACAAAz9QqxgAAABEACAAA0xCWRAAAAAEAEAI6niAAsKvnAAk0SQACZvkAAgBNTWFjaW50b3NoIEhEOlVzZXJzOgBKaWU6AERyb3Bib3g6AFJlZmVyZW5jZXM6AE1vZGVsbGluZyBvZiBFbGFzdG8jMjRBNEI0OS5wZGYAAA4AtgBaAE0AbwBkAGUAbABsAGkAbgBnACAAbwBmACAARQBsAGEAcwB0AG8AbQBlAHIAaQBjACAAQgBlAGEAcgBpAG4AZwBzACAAdwBpAHQAaAAgAEEAcABwAGwAaQBjAGEAdABpAG8AbgAgAG8AZgAgAFkAZQBvAGgAIABIAHkAcABlAHIAZQBsAGEAcwB0AGkAYwAgAE0AYQB0AGUAcgBpAGEAbAAgAE0AbwBkAGUAbAAuAHAAZABmAA8AGgAMAE0AYQBjAGkAbgB0AG8AcwBoACAASABEABIAd1VzZXJzL0ppZS9Ecm9wYm94L1JlZmVyZW5jZXMvTW9kZWxsaW5nIG9mIEVsYXN0b21lcmljIEJlYXJpbmdzIHdpdGggQXBwbGljYXRpb24gb2YgWWVvaCBIeXBlcmVsYXN0aWMgTWF0ZXJpYWwgTW9kZWwucGRmAAATAAEvAAAVAAIACv//AACABtIbHB0eWiRjbGFzc25hbWVYJGNsYXNzZXNdTlNNdXRhYmxlRGF0YaMdHyBWTlNEYXRhWE5TT2JqZWN00hscIiNcTlNEaWN0aW9uYXJ5oiIgXxAPTlNLZXllZEFyY2hpdmVy0SYnVHJvb3SAAQAIABEAGgAjAC0AMgA3AEAARgBNAFUAYABnAGoAbABuAHEAcwB1AHcAhACOAQcBDAEUA54DoAOlA7ADuQPHA8sD0gPbA+AD7QPwBAIEBQQKAAAAAAAAAgEAAAAAAAAAKAAAAAAAAAAAAAAAAAAABAw=}}

@article{Suchocki,
	Author = {Cyprian Suchocki},
	Date-Added = {2016-03-11 16:30:30 +0000},
	Date-Modified = {2016-03-11 16:32:18 +0000},
	Journal = {the Archive of Mechanical Engineering},
	Number = {3},
	Pages = {319--346},
	Title = {A finite element implementation of Knowles stroed-energy function: theory, coding and applications},
	Volume = {LVIII},
	Year = {2011},
	Bdsk-File-1 = {YnBsaXN0MDDUAQIDBAUGJCVYJHZlcnNpb25YJG9iamVjdHNZJGFyY2hpdmVyVCR0b3ASAAGGoKgHCBMUFRYaIVUkbnVsbNMJCgsMDxJXTlMua2V5c1pOUy5vYmplY3RzViRjbGFzc6INDoACgAOiEBGABIAFgAdccmVsYXRpdmVQYXRoWWFsaWFzRGF0YV8QgS4uLy4uLy4uL0Ryb3Bib3gvUmVmZXJlbmNlcy9BIEZJTklURSBFTEVNRU5UIElNUExFTUVOVEFUSU9OIE9GIEtOT1dMRVMgU1RPUkVELUVORVJHWSBGVU5DVElPTiBUSEVPUlksIENPRElORyBBTkQgQVBQTElDQVRJT05TLnBkZtIXCxgZV05TLmRhdGFPEQKmAAAAAAKmAAIAAAxNYWNpbnRvc2ggSEQAAAAAAAAAAAAAAAAAAADP0/KGSCsAAAI6niAfQSBGSU5JVEUgRUxFTUVOVCBJTSMxOUJGNjgyLnBkZgAAAAAAAAAAAAAAAAAAAAAAAAAAAAAAAAAAAAAAAAAAAZv2gtInTq0AAAAAAAAAAAADAAMAAAkgAAAAAAAAAAAAAAAAAAAAClJlZmVyZW5jZXMAEAAIAADP1CrGAAAAEQAIAADSJ4btAAAAAQAQAjqeIACwq+cACTRJAAJm+QACAE1NYWNpbnRvc2ggSEQ6VXNlcnM6AEppZToARHJvcGJveDoAUmVmZXJlbmNlczoAQSBGSU5JVEUgRUxFTUVOVCBJTSMxOUJGNjgyLnBkZgAADgDMAGUAQQAgAEYASQBOAEkAVABFACAARQBMAEUATQBFAE4AVAAgAEkATQBQAEwARQBNAEUATgBUAEEAVABJAE8ATgAgAE8ARgAgAEsATgBPAFcATABFAFMAIABTAFQATwBSAEUARAAtAEUATgBFAFIARwBZACAARgBVAE4AQwBUAEkATwBOACAAVABIAEUATwBSAFkALAAgAEMATwBEAEkATgBHACAAQQBOAEQAIABBAFAAUABMAEkAQwBBAFQASQBPAE4AUwAuAHAAZABmAA8AGgAMAE0AYQBjAGkAbgB0AG8AcwBoACAASABEABIAglVzZXJzL0ppZS9Ecm9wYm94L1JlZmVyZW5jZXMvQSBGSU5JVEUgRUxFTUVOVCBJTVBMRU1FTlRBVElPTiBPRiBLTk9XTEVTIFNUT1JFRC1FTkVSR1kgRlVOQ1RJT04gVEhFT1JZLCBDT0RJTkcgQU5EIEFQUExJQ0FUSU9OUy5wZGYAEwABLwAAFQACAAr//wAAgAbSGxwdHlokY2xhc3NuYW1lWCRjbGFzc2VzXU5TTXV0YWJsZURhdGGjHR8gVk5TRGF0YVhOU09iamVjdNIbHCIjXE5TRGljdGlvbmFyeaIiIF8QD05TS2V5ZWRBcmNoaXZlctEmJ1Ryb290gAEACAARABoAIwAtADIANwBAAEYATQBVAGAAZwBqAGwAbgBxAHMAdQB3AIQAjgESARcBHwPJA8sD0APbA+QD8gP2A/0EBgQLBBgEGwQtBDAENQAAAAAAAAIBAAAAAAAAACgAAAAAAAAAAAAAAAAAAAQ3}}

@manual{Abaqus,
	Address = {Providence, RI, USA},
	Author = {Abaqus},
	Date-Added = {2016-03-10 21:12:40 +0000},
	Date-Modified = {2016-03-18 04:17:18 +0000},
	Edition = {6.14},
	Organization = {Dassault Syst{\`e}mes Simulia Corporation},
	Title = {Abaqus Theory Manual},
	Year = {2014}}

@phdthesis{Zaeimdar,
	Author = {Shima Zaeimdar},
	Date-Added = {2016-03-03 19:12:03 +0000},
	Date-Modified = {2016-03-03 19:13:02 +0000},
	School = {Simon Fraser University},
	Title = {Mechanical characterization of breast tissue constituents for cancer assessment},
	Year = {2014}}

@article{Yeoh2,
	Author = {O. H. Yeoh},
	Date-Added = {2016-03-03 19:02:51 +0000},
	Date-Modified = {2016-03-03 19:03:22 +0000},
	Journal = {Rubber Chemistry and Technology},
	Month = {November},
	Number = {5},
	Pages = {754--771},
	Title = {Some forms of the strain energy function for rubber},
	Volume = {66},
	Year = {1993}}

@article{Yeoh,
	Author = {O. H. Yeoh},
	Date-Added = {2016-03-03 18:58:15 +0000},
	Date-Modified = {2016-03-03 19:00:47 +0000},
	Journal = {Rubber Chemistry and Technology},
	Month = {November},
	Number = {5},
	Pages = {792--805},
	Title = {Characterization of elastic properties of carbon black filled rubber vulcanizates},
	Volume = {63},
	Year = {1990}}

@article{Ramesh,
	Author = {H. Saraf and K.T. Ramesh and A.M. Lennon and A.C. Merkle and J.C. Roberts},
	Date-Added = {2016-03-03 16:09:18 +0000},
	Date-Modified = {2016-03-03 16:10:11 +0000},
	Journal = {Journal of Biomechanics},
	Month = {September},
	Pages = {1960--1967},
	Title = {Mechanical properties of soft human tissues under dynamic loading},
	Volume = {40},
	Year = {2007},
	Bdsk-File-1 = {YnBsaXN0MDDUAQIDBAUGJCVYJHZlcnNpb25YJG9iamVjdHNZJGFyY2hpdmVyVCR0b3ASAAGGoKgHCBMUFRYaIVUkbnVsbNMJCgsMDxJXTlMua2V5c1pOUy5vYmplY3RzViRjbGFzc6INDoACgAOiEBGABIAFgAdccmVsYXRpdmVQYXRoWWFsaWFzRGF0YV8QYS4uLy4uLy4uL0Ryb3Bib3gvUmVmZXJlbmNlcy9NZWNoYW5pY2FsIHByb3BlcnRpZXMgb2Ygc29mdCBodW1hbiB0aXNzdWVzIHVuZGVyIGR5bmFtaWMgbG9hZGluZy5wZGbSFwsYGVdOUy5kYXRhTxECRgAAAAACRgACAAAMTWFjaW50b3NoIEhEAAAAAAAAAAAAAAAAAAAAz9PyhkgrAAACOp4gH01lY2hhbmljYWwgcHJvcGVydGkjMjQxNjVEQS5wZGYAAAAAAAAAAAAAAAAAAAAAAAAAAAAAAAAAAAAAAAAAAAJBZdrS/cvaAAAAAAAAAAAAAwADAAAJIAAAAAAAAAAAAAAAAAAAAApSZWZlcmVuY2VzABAACAAAz9QqxgAAABEACAAA0v4SKgAAAAEAEAI6niAAsKvnAAk0SQACZvkAAgBNTWFjaW50b3NoIEhEOlVzZXJzOgBKaWU6AERyb3Bib3g6AFJlZmVyZW5jZXM6AE1lY2hhbmljYWwgcHJvcGVydGkjMjQxNjVEQS5wZGYAAA4AjABFAE0AZQBjAGgAYQBuAGkAYwBhAGwAIABwAHIAbwBwAGUAcgB0AGkAZQBzACAAbwBmACAAcwBvAGYAdAAgAGgAdQBtAGEAbgAgAHQAaQBzAHMAdQBlAHMAIAB1AG4AZABlAHIAIABkAHkAbgBhAG0AaQBjACAAbABvAGEAZABpAG4AZwAuAHAAZABmAA8AGgAMAE0AYQBjAGkAbgB0AG8AcwBoACAASABEABIAYlVzZXJzL0ppZS9Ecm9wYm94L1JlZmVyZW5jZXMvTWVjaGFuaWNhbCBwcm9wZXJ0aWVzIG9mIHNvZnQgaHVtYW4gdGlzc3VlcyB1bmRlciBkeW5hbWljIGxvYWRpbmcucGRmABMAAS8AABUAAgAK//8AAIAG0hscHR5aJGNsYXNzbmFtZVgkY2xhc3Nlc11OU011dGFibGVEYXRhox0fIFZOU0RhdGFYTlNPYmplY3TSGxwiI1xOU0RpY3Rpb25hcnmiIiBfEA9OU0tleWVkQXJjaGl2ZXLRJidUcm9vdIABAAgAEQAaACMALQAyADcAQABGAE0AVQBgAGcAagBsAG4AcQBzAHUAdwCEAI4A8gD3AP8DSQNLA1ADWwNkA3IDdgN9A4YDiwOYA5sDrQOwA7UAAAAAAAACAQAAAAAAAAAoAAAAAAAAAAAAAAAAAAADtw==}}

@article{Zhao,
	Author = {Jingbo Zhao and Donghua Liao and Pengmin Chen and Peter Kunwald and Hans Gregersen},
	Date-Added = {2016-03-03 16:05:00 +0000},
	Date-Modified = {2016-03-03 16:06:30 +0000},
	Journal = {Journal of Biomechanics},
	Month = {September},
	Pages = {3441--3447},
	Title = {Stomach stress and strain depend on location, direction and the layered structure},
	Volume = {41},
	Year = {2008},
	Bdsk-File-1 = {YnBsaXN0MDDUAQIDBAUGJCVYJHZlcnNpb25YJG9iamVjdHNZJGFyY2hpdmVyVCR0b3ASAAGGoKgHCBMUFRYaIVUkbnVsbNMJCgsMDxJXTlMua2V5c1pOUy5vYmplY3RzViRjbGFzc6INDoACgAOiEBGABIAFgAdccmVsYXRpdmVQYXRoWWFsaWFzRGF0YV8QcS4uLy4uLy4uL0Ryb3Bib3gvUmVmZXJlbmNlcy9TdG9tYWNoIHN0cmVzcyBhbmQgc3RyYWluIGRlcGVuZCBvbiBsb2NhdGlvbiwgZGlyZWN0aW9uIGFuZCB0aGUgbGF5ZXJlZCBzdHJ1Y3R1cmUucGRm0hcLGBlXTlMuZGF0YU8RAnYAAAAAAnYAAgAADE1hY2ludG9zaCBIRAAAAAAAAAAAAAAAAAAAAM/T8oZIKwAAAjqeIB9TdG9tYWNoIHN0cmVzcyBhbmQgIzI0MTY1QkQucGRmAAAAAAAAAAAAAAAAAAAAAAAAAAAAAAAAAAAAAAAAAAACQWW90v3KvQAAAAAAAAAAAAMAAwAACSAAAAAAAAAAAAAAAAAAAAAKUmVmZXJlbmNlcwAQAAgAAM/UKsYAAAARAAgAANL+EQ0AAAABABACOp4gALCr5wAJNEkAAmb5AAIATU1hY2ludG9zaCBIRDpVc2VyczoASmllOgBEcm9wYm94OgBSZWZlcmVuY2VzOgBTdG9tYWNoIHN0cmVzcyBhbmQgIzI0MTY1QkQucGRmAAAOAKwAVQBTAHQAbwBtAGEAYwBoACAAcwB0AHIAZQBzAHMAIABhAG4AZAAgAHMAdAByAGEAaQBuACAAZABlAHAAZQBuAGQAIABvAG4AIABsAG8AYwBhAHQAaQBvAG4ALAAgAGQAaQByAGUAYwB0AGkAbwBuACAAYQBuAGQAIAB0AGgAZQAgAGwAYQB5AGUAcgBlAGQAIABzAHQAcgB1AGMAdAB1AHIAZQAuAHAAZABmAA8AGgAMAE0AYQBjAGkAbgB0AG8AcwBoACAASABEABIAclVzZXJzL0ppZS9Ecm9wYm94L1JlZmVyZW5jZXMvU3RvbWFjaCBzdHJlc3MgYW5kIHN0cmFpbiBkZXBlbmQgb24gbG9jYXRpb24sIGRpcmVjdGlvbiBhbmQgdGhlIGxheWVyZWQgc3RydWN0dXJlLnBkZgATAAEvAAAVAAIACv//AACABtIbHB0eWiRjbGFzc25hbWVYJGNsYXNzZXNdTlNNdXRhYmxlRGF0YaMdHyBWTlNEYXRhWE5TT2JqZWN00hscIiNcTlNEaWN0aW9uYXJ5oiIgXxAPTlNLZXllZEFyY2hpdmVy0SYnVHJvb3SAAQAIABEAGgAjAC0AMgA3AEAARgBNAFUAYABnAGoAbABuAHEAcwB1AHcAhACOAQIBBwEPA4kDiwOQA5sDpAOyA7YDvQPGA8sD2APbA+0D8AP1AAAAAAAAAgEAAAAAAAAAKAAAAAAAAAAAAAAAAAAAA/c=}}

@book{Zienkiewicz,
	Author = {O. C. Zienkiewicz and R. L. Taylor},
	Date-Added = {2016-02-29 20:35:49 +0000},
	Date-Modified = {2016-02-29 20:37:18 +0000},
	Edition = {6},
	Publisher = {Elsevier},
	Title = {The finite element method for solid and structural mechanics},
	Year = {2005}}

@book{Bathe,
	Author = {Klaus-J{\"u}rgen Bathe},
	Date-Added = {2016-02-29 20:30:02 +0000},
	Date-Modified = {2016-02-29 20:32:53 +0000},
	Edition = {2},
	Month = {August},
	Publisher = {Klaus-J{\"u}rgen Bathe},
	Title = {Finite element procedures},
	Year = {2014}}

@book{Oden,
	Author = {J. T. Oden},
	Date-Added = {2016-02-29 20:24:10 +0000},
	Date-Modified = {2016-02-29 20:24:44 +0000},
	Publisher = {McGraw-Hill},
	Title = {Finite elements of nonlinear continua},
	Year = {1972}}

@article{Borst,
	Author = {R. de Borst},
	Date-Added = {2016-02-29 20:09:14 +0000},
	Date-Modified = {2016-02-29 20:14:46 +0000},
	Journal = {Heron},
	Month = {January},
	Number = {1},
	Pages = {1--56},
	Title = {Modelling and analysis of rubberlike materials},
	Volume = {33},
	Year = {1988},
	Bdsk-File-1 = {YnBsaXN0MDDUAQIDBAUGJCVYJHZlcnNpb25YJG9iamVjdHNZJGFyY2hpdmVyVCR0b3ASAAGGoKgHCBMUFRYaIVUkbnVsbNMJCgsMDxJXTlMua2V5c1pOUy5vYmplY3RzViRjbGFzc6INDoACgAOiEBGABIAFgAdccmVsYXRpdmVQYXRoWWFsaWFzRGF0YV8QTS4uLy4uLy4uL0Ryb3Bib3gvUmVmZXJlbmNlcy9Nb2RlbGluZyBhbmQgYW5hbHlzaXMgb2YgcnViYmVybGlrZSBtYXRlcmlhbHMucGRm0hcLGBlXTlMuZGF0YU8RAgoAAAAAAgoAAgAADE1hY2ludG9zaCBIRAAAAAAAAAAAAAAAAAAAAM/T8oZIKwAAAjqeIB9Nb2RlbGluZyBhbmQgYW5hbHlzIzIzQkFCQTAucGRmAAAAAAAAAAAAAAAAAAAAAAAAAAAAAAAAAAAAAAAAAAACO6ug0kL0ygAAAAAAAAAAAAMAAwAACSAAAAAAAAAAAAAAAAAAAAAKUmVmZXJlbmNlcwAQAAgAAM/UKsYAAAARAAgAANJDLQoAAAABABACOp4gALCr5wAJNEkAAmb5AAIATU1hY2ludG9zaCBIRDpVc2VyczoASmllOgBEcm9wYm94OgBSZWZlcmVuY2VzOgBNb2RlbGluZyBhbmQgYW5hbHlzIzIzQkFCQTAucGRmAAAOAGQAMQBNAG8AZABlAGwAaQBuAGcAIABhAG4AZAAgAGEAbgBhAGwAeQBzAGkAcwAgAG8AZgAgAHIAdQBiAGIAZQByAGwAaQBrAGUAIABtAGEAdABlAHIAaQBhAGwAcwAuAHAAZABmAA8AGgAMAE0AYQBjAGkAbgB0AG8AcwBoACAASABEABIATlVzZXJzL0ppZS9Ecm9wYm94L1JlZmVyZW5jZXMvTW9kZWxpbmcgYW5kIGFuYWx5c2lzIG9mIHJ1YmJlcmxpa2UgbWF0ZXJpYWxzLnBkZgATAAEvAAAVAAIACv//AACABtIbHB0eWiRjbGFzc25hbWVYJGNsYXNzZXNdTlNNdXRhYmxlRGF0YaMdHyBWTlNEYXRhWE5TT2JqZWN00hscIiNcTlNEaWN0aW9uYXJ5oiIgXxAPTlNLZXllZEFyY2hpdmVy0SYnVHJvb3SAAQAIABEAGgAjAC0AMgA3AEAARgBNAFUAYABnAGoAbABuAHEAcwB1AHcAhACOAN4A4wDrAvkC+wMAAwsDFAMiAyYDLQM2AzsDSANLA10DYANlAAAAAAAAAgEAAAAAAAAAKAAAAAAAAAAAAAAAAAAAA2c=}}

@article{Herrmann,
	Author = {Leonard R. Herrmann},
	Date-Added = {2016-02-29 20:02:14 +0000},
	Date-Modified = {2016-02-29 20:03:54 +0000},
	Journal = {AIAA Journal},
	Month = {October},
	Number = {10},
	Pages = {1896--1900},
	Title = {Elasticity equations for incompressible and nearly incompressible materials by a variational theorem},
	Volume = {3},
	Year = {1965}}

@inbook{Veubeke,
	Author = {B. Fraeijs de Veubeke},
	Chapter = {9},
	Date-Added = {2016-02-29 19:56:03 +0000},
	Date-Modified = {2016-02-29 20:04:45 +0000},
	Pages = {145--197},
	Publisher = {Wiley},
	Series = {Stress Analysis},
	Title = {Displacement and equilibrium models in the finite element method},
	Year = {1965}}

@article{Holzapfel2,
	Author = {Gerhard A. Holzapfel and Thomas C. Gasser},
	Date-Added = {2016-02-28 21:53:04 +0000},
	Date-Modified = {2016-02-28 21:54:49 +0000},
	Journal = {Journal of Elasticity},
	Month = {December},
	Pages = {1--48},
	Title = {A New Constitutive Framework for Arterial Wall Mechanics and a Comparative Study of Material Models},
	Volume = {61},
	Year = {2000},
	Bdsk-File-1 = {YnBsaXN0MDDUAQIDBAUGJCVYJHZlcnNpb25YJG9iamVjdHNZJGFyY2hpdmVyVCR0b3ASAAGGoKgHCBMUFRYaIVUkbnVsbNMJCgsMDxJXTlMua2V5c1pOUy5vYmplY3RzViRjbGFzc6INDoACgAOiEBGABIAFgAdccmVsYXRpdmVQYXRoWWFsaWFzRGF0YV8Qgy4uLy4uLy4uL0Ryb3Bib3gvUmVmZXJlbmNlcy9BIE5ldyBDb25zdGl0dXRpdmUgRnJhbWV3b3JrIGZvciBBcnRlcmlhbCBXYWxsIE1lY2hhbmljcyBhbmQgYSBDb21wYXJhdGl2ZSBTdHVkeSBvZiBNYXRlcmlhbCBNb2RlbHMucGRm0hcLGBlXTlMuZGF0YU8RAqwAAAAAAqwAAgAADE1hY2ludG9zaCBIRAAAAAAAAAAAAAAAAAAAAM/T8oZIKwAAAjqeIB9BIE5ldyBDb25zdGl0dXRpdmUgIzIzRUExQTYucGRmAAAAAAAAAAAAAAAAAAAAAAAAAAAAAAAAAAAAAAAAAAACPqGm0tDimgAAAAAAAAAAAAMAAwAACSAAAAAAAAAAAAAAAAAAAAAKUmVmZXJlbmNlcwAQAAgAAM/UKsYAAAARAAgAANLRKOoAAAABABACOp4gALCr5wAJNEkAAmb5AAIATU1hY2ludG9zaCBIRDpVc2VyczoASmllOgBEcm9wYm94OgBSZWZlcmVuY2VzOgBBIE5ldyBDb25zdGl0dXRpdmUgIzIzRUExQTYucGRmAAAOANAAZwBBACAATgBlAHcAIABDAG8AbgBzAHQAaQB0AHUAdABpAHYAZQAgAEYAcgBhAG0AZQB3AG8AcgBrACAAZgBvAHIAIABBAHIAdABlAHIAaQBhAGwAIABXAGEAbABsACAATQBlAGMAaABhAG4AaQBjAHMAIABhAG4AZAAgAGEAIABDAG8AbQBwAGEAcgBhAHQAaQB2AGUAIABTAHQAdQBkAHkAIABvAGYAIABNAGEAdABlAHIAaQBhAGwAIABNAG8AZABlAGwAcwAuAHAAZABmAA8AGgAMAE0AYQBjAGkAbgB0AG8AcwBoACAASABEABIAhFVzZXJzL0ppZS9Ecm9wYm94L1JlZmVyZW5jZXMvQSBOZXcgQ29uc3RpdHV0aXZlIEZyYW1ld29yayBmb3IgQXJ0ZXJpYWwgV2FsbCBNZWNoYW5pY3MgYW5kIGEgQ29tcGFyYXRpdmUgU3R1ZHkgb2YgTWF0ZXJpYWwgTW9kZWxzLnBkZgATAAEvAAAVAAIACv//AACABtIbHB0eWiRjbGFzc25hbWVYJGNsYXNzZXNdTlNNdXRhYmxlRGF0YaMdHyBWTlNEYXRhWE5TT2JqZWN00hscIiNcTlNEaWN0aW9uYXJ5oiIgXxAPTlNLZXllZEFyY2hpdmVy0SYnVHJvb3SAAQAIABEAGgAjAC0AMgA3AEAARgBNAFUAYABnAGoAbABuAHEAcwB1AHcAhACOARQBGQEhA9ED0wPYA+MD7AP6A/4EBQQOBBMEIAQjBDUEOAQ9AAAAAAAAAgEAAAAAAAAAKAAAAAAAAAAAAAAAAAAABD8=}}

@inbook{Sharma,
	Author = {Shashikant Sharma},
	Booktitle = {Constitutive Models for Rubber},
	Date-Added = {2016-02-28 21:36:49 +0000},
	Date-Modified = {2016-03-17 16:48:52 +0000},
	Pages = {162--168},
	Publisher = {Swets and Zeitlinger},
	Title = {Critical comparison of popular hyper-elastic material models in design of anti-vibration mounts for automotive industry through FEA},
	Volume = {3},
	Year = {2003},
	Bdsk-File-1 = {YnBsaXN0MDDUAQIDBAUGJCVYJHZlcnNpb25YJG9iamVjdHNZJGFyY2hpdmVyVCR0b3ASAAGGoKgHCBMUFRYaIVUkbnVsbNMJCgsMDxJXTlMua2V5c1pOUy5vYmplY3RzViRjbGFzc6INDoACgAOiEBGABIAFgAdccmVsYXRpdmVQYXRoWWFsaWFzRGF0YV8Qoy4uLy4uLy4uL0Ryb3Bib3gvUmVmZXJlbmNlcy9Dcml0aWNhbCBjb21wYXJpc29uIG9mIHBvcHVsYXIgaHlwZXItZWxhc3RpYyBtYXRlcmlhbCBtb2RlbHMgaW4gZGVzaWduIG9mIGFudGktdmlicmF0aW9uIG1vdW50cyBmb3IgYXV0b21vdGl2ZSBpbmR1c3RyeSB0aHJvdWdoIEZFQS5wZGbSFwsYGVdOUy5kYXRhTxEDDAAAAAADDAACAAAMTWFjaW50b3NoIEhEAAAAAAAAAAAAAAAAAAAAz9PyhkgrAAACOp4gH0NyaXRpY2FsIGNvbXBhcmlzb24jMjNFOUUyQy5wZGYAAAAAAAAAAAAAAAAAAAAAAAAAAAAAAAAAAAAAAAAAAAI+nizS1Z7AAAAAAAAAAAAAAwADAAAJIAAAAAAAAAAAAAAAAAAAAApSZWZlcmVuY2VzABAACAAAz9QqxgAAABEACAAA0tXlEAAAAAEAEAI6niAAsKvnAAk0SQACZvkAAgBNTWFjaW50b3NoIEhEOlVzZXJzOgBKaWU6AERyb3Bib3g6AFJlZmVyZW5jZXM6AENyaXRpY2FsIGNvbXBhcmlzb24jMjNFOUUyQy5wZGYAAA4BEACHAEMAcgBpAHQAaQBjAGEAbAAgAGMAbwBtAHAAYQByAGkAcwBvAG4AIABvAGYAIABwAG8AcAB1AGwAYQByACAAaAB5AHAAZQByAC0AZQBsAGEAcwB0AGkAYwAgAG0AYQB0AGUAcgBpAGEAbAAgAG0AbwBkAGUAbABzACAAaQBuACAAZABlAHMAaQBnAG4AIABvAGYAIABhAG4AdABpAC0AdgBpAGIAcgBhAHQAaQBvAG4AIABtAG8AdQBuAHQAcwAgAGYAbwByACAAYQB1AHQAbwBtAG8AdABpAHYAZQAgAGkAbgBkAHUAcwB0AHIAeQAgAHQAaAByAG8AdQBnAGgAIABGAEUAQQAuAHAAZABmAA8AGgAMAE0AYQBjAGkAbgB0AG8AcwBoACAASABEABIApFVzZXJzL0ppZS9Ecm9wYm94L1JlZmVyZW5jZXMvQ3JpdGljYWwgY29tcGFyaXNvbiBvZiBwb3B1bGFyIGh5cGVyLWVsYXN0aWMgbWF0ZXJpYWwgbW9kZWxzIGluIGRlc2lnbiBvZiBhbnRpLXZpYnJhdGlvbiBtb3VudHMgZm9yIGF1dG9tb3RpdmUgaW5kdXN0cnkgdGhyb3VnaCBGRUEucGRmABMAAS8AABUAAgAK//8AAIAG0hscHR5aJGNsYXNzbmFtZVgkY2xhc3Nlc11OU011dGFibGVEYXRhox0fIFZOU0RhdGFYTlNPYmplY3TSGxwiI1xOU0RpY3Rpb25hcnmiIiBfEA9OU0tleWVkQXJjaGl2ZXLRJidUcm9vdIABAAgAEQAaACMALQAyADcAQABGAE0AVQBgAGcAagBsAG4AcQBzAHUAdwCEAI4BNAE5AUEEUQRTBFgEYwRsBHoEfgSFBI4EkwSgBKMEtQS4BL0AAAAAAAACAQAAAAAAAAAoAAAAAAAAAAAAAAAAAAAEvw==}}

@book{Green,
	Author = {A. E. Green and W. Zerna},
	Date-Added = {2016-02-26 20:36:28 +0000},
	Date-Modified = {2016-02-26 20:40:29 +0000},
	Edition = {2},
	Publisher = {Oxford University Press},
	Title = {Theoretical Elasticity},
	Year = {1968}}

@article{Nicholson,
	Author = {D. W. Nicholson},
	Date-Added = {2016-02-25 22:30:35 +0000},
	Date-Modified = {2016-02-25 22:31:42 +0000},
	Journal = {Acta Mechanica},
	Month = {March},
	Number = {1},
	Pages = {187--201},
	Title = {Tangent modulus matrix for finite element analysis of hyperelastic materials},
	Volume = {112},
	Year = {1995}}

@article{Weiss,
	Author = {Jeffrey A. Weiss and Bradley N. Maker and Sanjay Govindjee},
	Date-Added = {2016-02-25 21:52:01 +0000},
	Date-Modified = {2016-02-25 21:54:16 +0000},
	Journal = {Computational Methods in Applied Mechanics and Engineering},
	Month = {June},
	Pages = {107--128},
	Title = {Finite element implementation of incompressible, transversely isotropic hyperelasticity},
	Volume = {135},
	Year = {1996},
	Bdsk-File-1 = {YnBsaXN0MDDUAQIDBAUGJCVYJHZlcnNpb25YJG9iamVjdHNZJGFyY2hpdmVyVCR0b3ASAAGGoKgHCBMUFRYaIVUkbnVsbNMJCgsMDxJXTlMua2V5c1pOUy5vYmplY3RzViRjbGFzc6INDoACgAOiEBGABIAFgAdccmVsYXRpdmVQYXRoWWFsaWFzRGF0YV8Qdy4uLy4uLy4uL0Ryb3Bib3gvUmVmZXJlbmNlcy9GaW5pdGUgZWxlbWVudCBpbXBsZW1lbnRhdGlvbiBvZiBpbmNvbXByZXNzaWJsZSwgdHJhbnN2ZXJzZWx5IGlzb3Ryb3BpYyBoeXBlcmVsYXN0aWNpdHkucGRm0hcLGBlXTlMuZGF0YU8RAogAAAAAAogAAgAADE1hY2ludG9zaCBIRAAAAAAAAAAAAAAAAAAAAM/T8oZIKwAAAjqeIB9GaW5pdGUgZWxlbWVudCBpbXBsIzIzQkFBRDkucGRmAAAAAAAAAAAAAAAAAAAAAAAAAAAAAAAAAAAAAAAAAAACO6rZ0vTflgAAAAAAAAAAAAMAAwAACSAAAAAAAAAAAAAAAAAAAAAKUmVmZXJlbmNlcwAQAAgAAM/UKsYAAAARAAgAANL1JeYAAAABABACOp4gALCr5wAJNEkAAmb5AAIATU1hY2ludG9zaCBIRDpVc2VyczoASmllOgBEcm9wYm94OgBSZWZlcmVuY2VzOgBGaW5pdGUgZWxlbWVudCBpbXBsIzIzQkFBRDkucGRmAAAOALgAWwBGAGkAbgBpAHQAZQAgAGUAbABlAG0AZQBuAHQAIABpAG0AcABsAGUAbQBlAG4AdABhAHQAaQBvAG4AIABvAGYAIABpAG4AYwBvAG0AcAByAGUAcwBzAGkAYgBsAGUALAAgAHQAcgBhAG4AcwB2AGUAcgBzAGUAbAB5ACAAaQBzAG8AdAByAG8AcABpAGMAIABoAHkAcABlAHIAZQBsAGEAcwB0AGkAYwBpAHQAeQAuAHAAZABmAA8AGgAMAE0AYQBjAGkAbgB0AG8AcwBoACAASABEABIAeFVzZXJzL0ppZS9Ecm9wYm94L1JlZmVyZW5jZXMvRmluaXRlIGVsZW1lbnQgaW1wbGVtZW50YXRpb24gb2YgaW5jb21wcmVzc2libGUsIHRyYW5zdmVyc2VseSBpc290cm9waWMgaHlwZXJlbGFzdGljaXR5LnBkZgATAAEvAAAVAAIACv//AACABtIbHB0eWiRjbGFzc25hbWVYJGNsYXNzZXNdTlNNdXRhYmxlRGF0YaMdHyBWTlNEYXRhWE5TT2JqZWN00hscIiNcTlNEaWN0aW9uYXJ5oiIgXxAPTlNLZXllZEFyY2hpdmVy0SYnVHJvb3SAAQAIABEAGgAjAC0AMgA3AEAARgBNAFUAYABnAGoAbABuAHEAcwB1AHcAhACOAQgBDQEVA6EDowOoA7MDvAPKA84D1QPeA+MD8APzBAUECAQNAAAAAAAAAgEAAAAAAAAAKAAAAAAAAAAAAAAAAAAABA8=}}

@book{Bower,
	Author = {Allan F. Bower},
	Date-Added = {2016-02-25 21:10:47 +0000},
	Date-Modified = {2016-02-25 21:12:02 +0000},
	Edition = {1},
	Month = {October},
	Publisher = {CRC Press},
	Title = {Applied mechanics of solids},
	Year = {2009}}

@book{Holzapfel,
	Author = {Gerhard A. Holzapfel},
	Date-Added = {2016-02-25 20:43:42 +0000},
	Date-Modified = {2016-02-25 20:45:39 +0000},
	Edition = {1},
	Month = {March},
	Publisher = {Wiley},
	Title = {Nonlinear solid mechanics: a continuum approach for engineering},
	Year = {2000}}

@book{Belytschko,
	Author = {Ted Belytschko and Wing Kam Liu and Brian Moran},
	Date-Added = {2016-02-25 20:36:18 +0000},
	Date-Modified = {2016-02-25 20:38:24 +0000},
	Edition = {1},
	Month = {September},
	Publisher = {Wiley},
	Title = {Nonlinear finite elements for continua and structures},
	Year = {2000}}

@article{Navidbakhsh,
	Author = {Alireza Karimi and Mahdi Navidbakhsh and Mansour Alizadeh and Ahmad Shojaei},
	Date-Added = {2016-02-25 19:57:11 +0000},
	Date-Modified = {2016-02-25 19:58:38 +0000},
	Journal = {Artery Research},
	Month = {February},
	Pages = {51--56},
	Title = {A comparative study on the mechanical properties of the umbilical vein and umbilical artery under uniaxial loading},
	Volume = {8},
	Year = {2014},
	Bdsk-File-1 = {YnBsaXN0MDDUAQIDBAUGJCVYJHZlcnNpb25YJG9iamVjdHNZJGFyY2hpdmVyVCR0b3ASAAGGoKgHCBMUFRYaIVUkbnVsbNMJCgsMDxJXTlMua2V5c1pOUy5vYmplY3RzViRjbGFzc6INDoACgAOiEBGABIAFgAdccmVsYXRpdmVQYXRoWWFsaWFzRGF0YV8Qki4uLy4uLy4uL0Ryb3Bib3gvUmVmZXJlbmNlcy9BIGNvbXBhcmF0aXZlIHN0dWR5IG9uIHRoZSBtZWNoYW5pY2FsIHByb3BlcnRpZXMgb2YgdGhlIHVtYmlsaWNhbCB2ZWluIGFuZCB1bWJpbGljYWwgYXJ0ZXJ5IHVuZGVyIHVuaWF4aWFsIGxvYWRpbmcucGRm0hcLGBlXTlMuZGF0YU8RAtoAAAAAAtoAAgAADE1hY2ludG9zaCBIRAAAAAAAAAAAAAAAAAAAAM/T8oZIKwAAAjqeIB9BIGNvbXBhcmF0aXZlIHN0dWR5IzIzQjlDM0EucGRmAAAAAAAAAAAAAAAAAAAAAAAAAAAAAAAAAAAAAAAAAAACO5w60vTGgAAAAAAAAAAAAAMAAwAACSAAAAAAAAAAAAAAAAAAAAAKUmVmZXJlbmNlcwAQAAgAAM/UKsYAAAARAAgAANL1DNAAAAABABACOp4gALCr5wAJNEkAAmb5AAIATU1hY2ludG9zaCBIRDpVc2VyczoASmllOgBEcm9wYm94OgBSZWZlcmVuY2VzOgBBIGNvbXBhcmF0aXZlIHN0dWR5IzIzQjlDM0EucGRmAAAOAO4AdgBBACAAYwBvAG0AcABhAHIAYQB0AGkAdgBlACAAcwB0AHUAZAB5ACAAbwBuACAAdABoAGUAIABtAGUAYwBoAGEAbgBpAGMAYQBsACAAcAByAG8AcABlAHIAdABpAGUAcwAgAG8AZgAgAHQAaABlACAAdQBtAGIAaQBsAGkAYwBhAGwAIAB2AGUAaQBuACAAYQBuAGQAIAB1AG0AYgBpAGwAaQBjAGEAbAAgAGEAcgB0AGUAcgB5ACAAdQBuAGQAZQByACAAdQBuAGkAYQB4AGkAYQBsACAAbABvAGEAZABpAG4AZwAuAHAAZABmAA8AGgAMAE0AYQBjAGkAbgB0AG8AcwBoACAASABEABIAk1VzZXJzL0ppZS9Ecm9wYm94L1JlZmVyZW5jZXMvQSBjb21wYXJhdGl2ZSBzdHVkeSBvbiB0aGUgbWVjaGFuaWNhbCBwcm9wZXJ0aWVzIG9mIHRoZSB1bWJpbGljYWwgdmVpbiBhbmQgdW1iaWxpY2FsIGFydGVyeSB1bmRlciB1bmlheGlhbCBsb2FkaW5nLnBkZgAAEwABLwAAFQACAAr//wAAgAbSGxwdHlokY2xhc3NuYW1lWCRjbGFzc2VzXU5TTXV0YWJsZURhdGGjHR8gVk5TRGF0YVhOU09iamVjdNIbHCIjXE5TRGljdGlvbmFyeaIiIF8QD05TS2V5ZWRBcmNoaXZlctEmJ1Ryb290gAEACAARABoAIwAtADIANwBAAEYATQBVAGAAZwBqAGwAbgBxAHMAdQB3AIQAjgEjASgBMAQOBBAEFQQgBCkENwQ7BEIESwRQBF0EYARyBHUEegAAAAAAAAIBAAAAAAAAACgAAAAAAAAAAAAAAAAAAAR8}}

@article{Bols2,
	Author = {J. Bols and J. Degroote and B. Trachet and B. Verhegghe and P. Segers and J. Vierendeels},
	Date-Added = {2016-02-25 19:47:02 +0000},
	Date-Modified = {2016-02-25 19:54:36 +0000},
	Journal = {Journal of Computational and Applied Mathematics},
	Month = {July},
	Pages = {10--17},
	Title = {A comparative study of several material models for prediction of hyperelastic properties: application to silicone-rubber and soft tissues},
	Volume = {246},
	Year = {2013}}

@article{Rivlin,
	Author = {R. S. Rivlin},
	Date-Added = {2016-02-25 19:08:40 +0000},
	Date-Modified = {2016-02-25 19:09:41 +0000},
	Journal = {Philosophical Transactions of the Royal Society of London A: Mathematical, Physical and Engineering Sciences},
	Month = {October},
	Number = {835},
	Pages = {379--397},
	Title = {Large elastic deformations of isotropic materials},
	Volume = {241},
	Year = {1948}}

@article{Mooney,
	Author = {M. Mooney},
	Date-Added = {2016-02-25 18:58:00 +0000},
	Date-Modified = {2016-02-25 19:16:50 +0000},
	Journal = {Journal of Applied Physics},
	Month = {January},
	Pages = {582--592},
	Title = {A theory of large elastic deformation},
	Volume = {11},
	Year = {1940}}

@article{Steinmann,
	Author = {Paul Steinmann and Mokarram Hossain and Gunnar Possart},
	Date-Added = {2016-02-24 21:11:01 +0000},
	Date-Modified = {2016-02-25 19:17:28 +0000},
	Journal = {Archive of Applied Mechanics},
	Pages = {1183--1217},
	Title = {Hyperelastic models for rubber-like materials: consistent tangent operators and suitability for Treloar's data},
	Volume = {82},
	Year = {2012},
	Bdsk-File-1 = {YnBsaXN0MDDUAQIDBAUGJCVYJHZlcnNpb25YJG9iamVjdHNZJGFyY2hpdmVyVCR0b3ASAAGGoKgHCBMUFRYaIVUkbnVsbNMJCgsMDxJXTlMua2V5c1pOUy5vYmplY3RzViRjbGFzc6INDoACgAOiEBGABIAFgAdccmVsYXRpdmVQYXRoWWFsaWFzRGF0YW8QjgAuAC4ALwAuAC4ALwAuAC4ALwBEAHIAbwBwAGIAbwB4AC8AUgBlAGYAZQByAGUAbgBjAGUAcwAvAEgAeQBwAGUAcgBlAGwAYQBzAHQAaQBjACAAbQBvAGQAZQBsAHMAIABmAG8AcgAgAHIAdQBiAGIAZQByAC0AbABpAGsAZQAgAG0AYQB0AGUAcgBpAGEAbABzAC0AIABjAG8AbgBzAGkAcwB0AGUAbgB0ACAAdABhAG4AZwBlAG4AdAAgAG8AcABlAHIAYQB0AG8AcgBzACAAYQBuAGQAIABzAHUAaQB0AGEAYgBpAGwAaQB0AHkAIABmAG8AcgAgAFQAcgBlAGwAbwBhAHIgGQBzACAAZABhAHQAYQAuAHAAZABm0hcLGBlXTlMuZGF0YU8RAtAAAAAAAtAAAgAADE1hY2ludG9zaCBIRAAAAAAAAAAAAAAAAAAAAM/T8oZIKwAAAjqeIB9IeXBlcmVsYXN0aWMgbW9kZWxzIzIzQjBBNUIucGRmAAAAAAAAAAAAAAAAAAAAAAAAAAAAAAAAAAAAAAAAAAACOwpb0vOGiQAAAAAAAAAAAAMAAwAACSAAAAAAAAAAAAAAAAAAAAAKUmVmZXJlbmNlcwAQAAgAAM/UKsYAAAARAAgAANLzzNkAAAABABACOp4gALCr5wAJNEkAAmb5AAIATU1hY2ludG9zaCBIRDpVc2VyczoASmllOgBEcm9wYm94OgBSZWZlcmVuY2VzOgBIeXBlcmVsYXN0aWMgbW9kZWxzIzIzQjBBNUIucGRmAAAOAOYAcgBIAHkAcABlAHIAZQBsAGEAcwB0AGkAYwAgAG0AbwBkAGUAbABzACAAZgBvAHIAIAByAHUAYgBiAGUAcgAtAGwAaQBrAGUAIABtAGEAdABlAHIAaQBhAGwAcwAtACAAYwBvAG4AcwBpAHMAdABlAG4AdAAgAHQAYQBuAGcAZQBuAHQAIABvAHAAZQByAGEAdABvAHIAcwAgAGEAbgBkACAAcwB1AGkAdABhAGIAaQBsAGkAdAB5ACAAZgBvAHIAIABUAHIAZQBsAG8AYQByIBkAcwAgAGQAYQB0AGEALgBwAGQAZgAPABoADABNAGEAYwBpAG4AdABvAHMAaAAgAEgARAASAJFVc2Vycy9KaWUvRHJvcGJveC9SZWZlcmVuY2VzL0h5cGVyZWxhc3RpYyBtb2RlbHMgZm9yIHJ1YmJlci1saWtlIG1hdGVyaWFscy0gY29uc2lzdGVudCB0YW5nZW50IG9wZXJhdG9ycyBhbmQgc3VpdGFiaWxpdHkgZm9yIFRyZWxvYXLigJlzIGRhdGEucGRmAAATAAEvAAAVAAIACv//AACABtIbHB0eWiRjbGFzc25hbWVYJGNsYXNzZXNdTlNNdXRhYmxlRGF0YaMdHyBWTlNEYXRhWE5TT2JqZWN00hscIiNcTlNEaWN0aW9uYXJ5oiIgXxAPTlNLZXllZEFyY2hpdmVy0SYnVHJvb3SAAQAIABEAGgAjAC0AMgA3AEAARgBNAFUAYABnAGoAbABuAHEAcwB1AHcAhACOAa0BsgG6BI4EkASVBKAEqQS3BLsEwgTLBNAE3QTgBPIE9QT6AAAAAAAAAgEAAAAAAAAAKAAAAAAAAAAAAAAAAAAABPw=}}

@article{Kupriyanova,
	Author = {Cora Wex and Susann Arndt and Anke Stoll and Christiane Bruns and Yuliya Kupriyanova},
	Date-Added = {2016-02-24 03:52:04 +0000},
	Date-Modified = {2016-02-25 19:17:35 +0000},
	Journal = {Biomed Tech (Berl)},
	Month = {December},
	Number = {6},
	Pages = {577--592},
	Title = {Isotropic incompressible hyperelastic models for modelling the mechanical behaviour of biological tissues: a review},
	Volume = {60},
	Year = {2015},
	Bdsk-File-1 = {YnBsaXN0MDDUAQIDBAUGJCVYJHZlcnNpb25YJG9iamVjdHNZJGFyY2hpdmVyVCR0b3ASAAGGoKgHCBMUFRYaIVUkbnVsbNMJCgsMDxJXTlMua2V5c1pOUy5vYmplY3RzViRjbGFzc6INDoACgAOiEBGABIAFgAdccmVsYXRpdmVQYXRoWWFsaWFzRGF0YV8QTC4uLy4uLy4uL0Ryb3Bib3gvUmVmZXJlbmNlcy9pc290cm9waWMgaW5jb21wcmVzc2libGUgaHlwZXJlbGFzdGljIG1vZGVscy5wZGbSFwsYGVdOUy5kYXRhTxECCAAAAAACCAACAAAMTWFjaW50b3NoIEhEAAAAAAAAAAAAAAAAAAAAz9PyhkgrAAACOp4gH2lzb3Ryb3BpYyBpbmNvbXByZXMjMUZENTY3NS5wZGYAAAAAAAAAAAAAAAAAAAAAAAAAAAAAAAAAAAAAAAAAAAH9VnXSjMZOAAAAAAAAAAAAAwADAAAJIAAAAAAAAAAAAAAAAAAAAApSZWZlcmVuY2VzABAACAAAz9QqxgAAABEACAAA0o0MngAAAAEAEAI6niAAsKvnAAk0SQACZvkAAgBNTWFjaW50b3NoIEhEOlVzZXJzOgBKaWU6AERyb3Bib3g6AFJlZmVyZW5jZXM6AGlzb3Ryb3BpYyBpbmNvbXByZXMjMUZENTY3NS5wZGYAAA4AYgAwAGkAcwBvAHQAcgBvAHAAaQBjACAAaQBuAGMAbwBtAHAAcgBlAHMAcwBpAGIAbABlACAAaAB5AHAAZQByAGUAbABhAHMAdABpAGMAIABtAG8AZABlAGwAcwAuAHAAZABmAA8AGgAMAE0AYQBjAGkAbgB0AG8AcwBoACAASABEABIATVVzZXJzL0ppZS9Ecm9wYm94L1JlZmVyZW5jZXMvaXNvdHJvcGljIGluY29tcHJlc3NpYmxlIGh5cGVyZWxhc3RpYyBtb2RlbHMucGRmAAATAAEvAAAVAAIACv//AACABtIbHB0eWiRjbGFzc25hbWVYJGNsYXNzZXNdTlNNdXRhYmxlRGF0YaMdHyBWTlNEYXRhWE5TT2JqZWN00hscIiNcTlNEaWN0aW9uYXJ5oiIgXxAPTlNLZXllZEFyY2hpdmVy0SYnVHJvb3SAAQAIABEAGgAjAC0AMgA3AEAARgBNAFUAYABnAGoAbABuAHEAcwB1AHcAhACOAN0A4gDqAvYC+AL9AwgDEQMfAyMDKgMzAzgDRQNIA1oDXQNiAAAAAAAAAgEAAAAAAAAAKAAAAAAAAAAAAAAAAAAAA2Q=}}

@article{Willinger,
	Author = {Sagar Umale and Caroline Deck and Nicolas Bourdet and Parag Dhumane and Luc Soler and Jacques Marescaux and Remy Winger},
	Date-Added = {2016-02-24 03:43:03 +0000},
	Date-Modified = {2016-02-25 19:17:00 +0000},
	Journal = {Journal of the Mechanical Behavior of Biomechanical Materials},
	Month = {July},
	Pages = {22--33},
	Title = {Experimental mechanical characterization of abdominal organs: liver, kidney and spleen},
	Volume = {17},
	Year = {2013},
	Bdsk-File-1 = {YnBsaXN0MDDUAQIDBAUGJCVYJHZlcnNpb25YJG9iamVjdHNZJGFyY2hpdmVyVCR0b3ASAAGGoKgHCBMUFRYaIVUkbnVsbNMJCgsMDxJXTlMua2V5c1pOUy5vYmplY3RzViRjbGFzc6INDoACgAOiEBGABIAFgAdccmVsYXRpdmVQYXRoWWFsaWFzRGF0YV8Qdi4uLy4uLy4uL0Ryb3Bib3gvUmVmZXJlbmNlcy9FeHBlcmltZW50YWwgbWVjaGFuaWNhbCBjaGFyYWN0ZXJpemF0aW9uIG9mIGFiZG9taW5hbCBvcmdhbnMtIGxpdmVyLCBraWRuZXkgYW5kIHNwbGVlbi5wZGbSFwsYGVdOUy5kYXRhTxEChgAAAAAChgACAAAMTWFjaW50b3NoIEhEAAAAAAAAAAAAAAAAAAAAz9PyhkgrAAACOp4gH0V4cGVyaW1lbnRhbCBtZWNoYW4jMjNBRjVDOC5wZGYAAAAAAAAAAAAAAAAAAAAAAAAAAAAAAAAAAAAAAAAAAAI69cjS8pDqAAAAAAAAAAAAAwADAAAJIAAAAAAAAAAAAAAAAAAAAApSZWZlcmVuY2VzABAACAAAz9QqxgAAABEACAAA0vLXOgAAAAEAEAI6niAAsKvnAAk0SQACZvkAAgBNTWFjaW50b3NoIEhEOlVzZXJzOgBKaWU6AERyb3Bib3g6AFJlZmVyZW5jZXM6AEV4cGVyaW1lbnRhbCBtZWNoYW4jMjNBRjVDOC5wZGYAAA4AtgBaAEUAeABwAGUAcgBpAG0AZQBuAHQAYQBsACAAbQBlAGMAaABhAG4AaQBjAGEAbAAgAGMAaABhAHIAYQBjAHQAZQByAGkAegBhAHQAaQBvAG4AIABvAGYAIABhAGIAZABvAG0AaQBuAGEAbAAgAG8AcgBnAGEAbgBzAC0AIABsAGkAdgBlAHIALAAgAGsAaQBkAG4AZQB5ACAAYQBuAGQAIABzAHAAbABlAGUAbgAuAHAAZABmAA8AGgAMAE0AYQBjAGkAbgB0AG8AcwBoACAASABEABIAd1VzZXJzL0ppZS9Ecm9wYm94L1JlZmVyZW5jZXMvRXhwZXJpbWVudGFsIG1lY2hhbmljYWwgY2hhcmFjdGVyaXphdGlvbiBvZiBhYmRvbWluYWwgb3JnYW5zLSBsaXZlciwga2lkbmV5IGFuZCBzcGxlZW4ucGRmAAATAAEvAAAVAAIACv//AACABtIbHB0eWiRjbGFzc25hbWVYJGNsYXNzZXNdTlNNdXRhYmxlRGF0YaMdHyBWTlNEYXRhWE5TT2JqZWN00hscIiNcTlNEaWN0aW9uYXJ5oiIgXxAPTlNLZXllZEFyY2hpdmVy0SYnVHJvb3SAAQAIABEAGgAjAC0AMgA3AEAARgBNAFUAYABnAGoAbABuAHEAcwB1AHcAhACOAQcBDAEUA54DoAOlA7ADuQPHA8sD0gPbA+AD7QPwBAIEBQQKAAAAAAAAAgEAAAAAAAAAKAAAAAAAAAAAAAAAAAAABAw=}}

@article{Untaroiu,
	Author = {Costin D. Untaroiu and Yuan-Chiao Lu and Sundeep K. Siripurapu and Andrew R. Kemper},
	Date-Added = {2016-02-24 03:37:51 +0000},
	Date-Modified = {2016-02-25 19:18:16 +0000},
	Journal = {Journal of the Mechanical Behavior of Biomechanical Materials},
	Month = {July},
	Pages = {280--291},
	Title = {Modeling the biomechanics and injury response of human liver parenchyma under tensile loading},
	Volume = {41},
	Year = {2015},
	Bdsk-File-1 = {YnBsaXN0MDDUAQIDBAUGJCVYJHZlcnNpb25YJG9iamVjdHNZJGFyY2hpdmVyVCR0b3ASAAGGoKgHCBMUFRYaIVUkbnVsbNMJCgsMDxJXTlMua2V5c1pOUy5vYmplY3RzViRjbGFzc6INDoACgAOiEBGABIAFgAdccmVsYXRpdmVQYXRoWWFsaWFzRGF0YV8QfS4uLy4uLy4uL0Ryb3Bib3gvUmVmZXJlbmNlcy9Nb2RlbGluZyB0aGUgYmlvbWVjaGFuaWNzIGFuZCBpbmp1cnkgcmVzcG9uc2Ugb2YgaHVtYW4gbGl2ZXIgcGFyZW5jaHltYSB1bmRlciB0ZW5zaWxlIGxvYWRpbmcucGRm0hcLGBlXTlMuZGF0YU8RApoAAAAAApoAAgAADE1hY2ludG9zaCBIRAAAAAAAAAAAAAAAAAAAAM/T8oZIKwAAAjqeIB9Nb2RlbGluZyB0aGUgYmlvbWVjIzIzQUYzNzUucGRmAAAAAAAAAAAAAAAAAAAAAAAAAAAAAAAAAAAAAAAAAAACOvN10vKPsgAAAAAAAAAAAAMAAwAACSAAAAAAAAAAAAAAAAAAAAAKUmVmZXJlbmNlcwAQAAgAAM/UKsYAAAARAAgAANLy1gIAAAABABACOp4gALCr5wAJNEkAAmb5AAIATU1hY2ludG9zaCBIRDpVc2VyczoASmllOgBEcm9wYm94OgBSZWZlcmVuY2VzOgBNb2RlbGluZyB0aGUgYmlvbWVjIzIzQUYzNzUucGRmAAAOAMQAYQBNAG8AZABlAGwAaQBuAGcAIAB0AGgAZQAgAGIAaQBvAG0AZQBjAGgAYQBuAGkAYwBzACAAYQBuAGQAIABpAG4AagB1AHIAeQAgAHIAZQBzAHAAbwBuAHMAZQAgAG8AZgAgAGgAdQBtAGEAbgAgAGwAaQB2AGUAcgAgAHAAYQByAGUAbgBjAGgAeQBtAGEAIAB1AG4AZABlAHIAIAB0AGUAbgBzAGkAbABlACAAbABvAGEAZABpAG4AZwAuAHAAZABmAA8AGgAMAE0AYQBjAGkAbgB0AG8AcwBoACAASABEABIAflVzZXJzL0ppZS9Ecm9wYm94L1JlZmVyZW5jZXMvTW9kZWxpbmcgdGhlIGJpb21lY2hhbmljcyBhbmQgaW5qdXJ5IHJlc3BvbnNlIG9mIGh1bWFuIGxpdmVyIHBhcmVuY2h5bWEgdW5kZXIgdGVuc2lsZSBsb2FkaW5nLnBkZgATAAEvAAAVAAIACv//AACABtIbHB0eWiRjbGFzc25hbWVYJGNsYXNzZXNdTlNNdXRhYmxlRGF0YaMdHyBWTlNEYXRhWE5TT2JqZWN00hscIiNcTlNEaWN0aW9uYXJ5oiIgXxAPTlNLZXllZEFyY2hpdmVy0SYnVHJvb3SAAQAIABEAGgAjAC0AMgA3AEAARgBNAFUAYABnAGoAbABuAHEAcwB1AHcAhACOAQ4BEwEbA7kDuwPAA8sD1APiA+YD7QP2A/sECAQLBB0EIAQlAAAAAAAAAgEAAAAAAAAAKAAAAAAAAAAAAAAAAAAABCc=}}

@article{Fu,
	Author = {Y.B. Fu and C.K. Chui and C.L. Teo},
	Date-Added = {2016-02-24 03:33:37 +0000},
	Date-Modified = {2016-02-25 19:17:48 +0000},
	Journal = {Journal of the Mechanical Behavior of Biomechanical Materials},
	Month = {January},
	Pages = {105--112},
	Title = {Liver tissue characterization from uniaxial stress--strain data using probabilistic and inverse finite element methods},
	Volume = {20},
	Year = {2013},
	Bdsk-File-1 = {YnBsaXN0MDDUAQIDBAUGJCVYJHZlcnNpb25YJG9iamVjdHNZJGFyY2hpdmVyVCR0b3ASAAGGoKgHCBMUFRYaIVUkbnVsbNMJCgsMDxJXTlMua2V5c1pOUy5vYmplY3RzViRjbGFzc6INDoACgAOiEBGABIAFgAdccmVsYXRpdmVQYXRoWWFsaWFzRGF0YW8QlQAuAC4ALwAuAC4ALwAuAC4ALwBEAHIAbwBwAGIAbwB4AC8AUgBlAGYAZQByAGUAbgBjAGUAcwAvAEwAaQB2AGUAcgAgAHQAaQBzAHMAdQBlACAAYwBoAGEAcgBhAGMAdABlAHIAaQB6AGEAdABpAG8AbgAgAGYAcgBvAG0AIAB1AG4AaQBhAHgAaQBhAGwAIABzAHQAcgBlAHMAcyATAHMAdAByAGEAaQBuACAAZABhAHQAYQAgAHUAcwBpAG4AZwAgAHAAcgBvAGIAYQBiAGkAbABpAHMAdABpAGMAIABhAG4AZAAgAGkAbgB2AGUAcgBzAGUAIABmAGkAbgBpAHQAZQAgAGUAbABlAG0AZQBuAHQAIABtAGUAdABoAG8AZABzAC4AcABkAGbSFwsYGVdOUy5kYXRhTxEC5AAAAAAC5AACAAAMTWFjaW50b3NoIEhEAAAAAAAAAAAAAAAAAAAAz9PyhkgrAAACOp4gH0xpdmVyIHRpc3N1ZSBjaGFyYWMjMjNBRjFBMi5wZGYAAAAAAAAAAAAAAAAAAAAAAAAAAAAAAAAAAAAAAAAAAAI68aLS8o6sAAAAAAAAAAAAAwADAAAJIAAAAAAAAAAAAAAAAAAAAApSZWZlcmVuY2VzABAACAAAz9QqxgAAABEACAAA0vLU/AAAAAEAEAI6niAAsKvnAAk0SQACZvkAAgBNTWFjaW50b3NoIEhEOlVzZXJzOgBKaWU6AERyb3Bib3g6AFJlZmVyZW5jZXM6AExpdmVyIHRpc3N1ZSBjaGFyYWMjMjNBRjFBMi5wZGYAAA4A9AB5AEwAaQB2AGUAcgAgAHQAaQBzAHMAdQBlACAAYwBoAGEAcgBhAGMAdABlAHIAaQB6AGEAdABpAG8AbgAgAGYAcgBvAG0AIAB1AG4AaQBhAHgAaQBhAGwAIABzAHQAcgBlAHMAcyATAHMAdAByAGEAaQBuACAAZABhAHQAYQAgAHUAcwBpAG4AZwAgAHAAcgBvAGIAYQBiAGkAbABpAHMAdABpAGMAIABhAG4AZAAgAGkAbgB2AGUAcgBzAGUAIABmAGkAbgBpAHQAZQAgAGUAbABlAG0AZQBuAHQAIABtAGUAdABoAG8AZABzAC4AcABkAGYADwAaAAwATQBhAGMAaQBuAHQAbwBzAGgAIABIAEQAEgCYVXNlcnMvSmllL0Ryb3Bib3gvUmVmZXJlbmNlcy9MaXZlciB0aXNzdWUgY2hhcmFjdGVyaXphdGlvbiBmcm9tIHVuaWF4aWFsIHN0cmVzc+KAk3N0cmFpbiBkYXRhIHVzaW5nIHByb2JhYmlsaXN0aWMgYW5kIGludmVyc2UgZmluaXRlIGVsZW1lbnQgbWV0aG9kcy5wZGYAEwABLwAAFQACAAr//wAAgAbSGxwdHlokY2xhc3NuYW1lWCRjbGFzc2VzXU5TTXV0YWJsZURhdGGjHR8gVk5TRGF0YVhOU09iamVjdNIbHCIjXE5TRGljdGlvbmFyeaIiIF8QD05TS2V5ZWRBcmNoaXZlctEmJ1Ryb290gAEACAARABoAIwAtADIANwBAAEYATQBVAGAAZwBqAGwAbgBxAHMAdQB3AIQAjgG7AcAByASwBLIEtwTCBMsE2QTdBOQE7QTyBP8FAgUUBRcFHAAAAAAAAAIBAAAAAAAAACgAAAAAAAAAAAAAAAAAAAUe}}

@article{Wall2,
	Author = {S.M.K. Rausch and C. Martin and P.B. Bornemann and S. Uhlig and W.A. Wall},
	Date-Added = {2016-02-24 03:29:58 +0000},
	Date-Modified = {2016-02-25 19:17:54 +0000},
	Journal = {Journal of the Mechanical Behavior of Biomechanical Materials},
	Month = {January},
	Pages = {583--592},
	Title = {Material model of lung parenchyma based on living precision- cut lung slice testing},
	Volume = {4},
	Year = {2011},
	Bdsk-File-1 = {YnBsaXN0MDDUAQIDBAUGJCVYJHZlcnNpb25YJG9iamVjdHNZJGFyY2hpdmVyVCR0b3ASAAGGoKgHCBMUFRYaIVUkbnVsbNMJCgsMDxJXTlMua2V5c1pOUy5vYmplY3RzViRjbGFzc6INDoACgAOiEBGABIAFgAdccmVsYXRpdmVQYXRoWWFsaWFzRGF0YV8Qcy4uLy4uLy4uL0Ryb3Bib3gvUmVmZXJlbmNlcy9NYXRlcmlhbCBtb2RlbCBvZiBsdW5nIHBhcmVuY2h5bWEgYmFzZWQgb24gbGl2aW5nIHByZWNpc2lvbi0gY3V0IGx1bmcgc2xpY2UgdGVzdGluZy5wZGbSFwsYGVdOUy5kYXRhTxECfAAAAAACfAACAAAMTWFjaW50b3NoIEhEAAAAAAAAAAAAAAAAAAAAz9PyhkgrAAACOp4gH01hdGVyaWFsIG1vZGVsIG9mIGwjMjNBRUZBMC5wZGYAAAAAAAAAAAAAAAAAAAAAAAAAAAAAAAAAAAAAAAAAAAI676DS8o3UAAAAAAAAAAAAAwADAAAJIAAAAAAAAAAAAAAAAAAAAApSZWZlcmVuY2VzABAACAAAz9QqxgAAABEACAAA0vLUJAAAAAEAEAI6niAAsKvnAAk0SQACZvkAAgBNTWFjaW50b3NoIEhEOlVzZXJzOgBKaWU6AERyb3Bib3g6AFJlZmVyZW5jZXM6AE1hdGVyaWFsIG1vZGVsIG9mIGwjMjNBRUZBMC5wZGYAAA4AsABXAE0AYQB0AGUAcgBpAGEAbAAgAG0AbwBkAGUAbAAgAG8AZgAgAGwAdQBuAGcAIABwAGEAcgBlAG4AYwBoAHkAbQBhACAAYgBhAHMAZQBkACAAbwBuACAAbABpAHYAaQBuAGcAIABwAHIAZQBjAGkAcwBpAG8AbgAtACAAYwB1AHQAIABsAHUAbgBnACAAcwBsAGkAYwBlACAAdABlAHMAdABpAG4AZwAuAHAAZABmAA8AGgAMAE0AYQBjAGkAbgB0AG8AcwBoACAASABEABIAdFVzZXJzL0ppZS9Ecm9wYm94L1JlZmVyZW5jZXMvTWF0ZXJpYWwgbW9kZWwgb2YgbHVuZyBwYXJlbmNoeW1hIGJhc2VkIG9uIGxpdmluZyBwcmVjaXNpb24tIGN1dCBsdW5nIHNsaWNlIHRlc3RpbmcucGRmABMAAS8AABUAAgAK//8AAIAG0hscHR5aJGNsYXNzbmFtZVgkY2xhc3Nlc11OU011dGFibGVEYXRhox0fIFZOU0RhdGFYTlNPYmplY3TSGxwiI1xOU0RpY3Rpb25hcnmiIiBfEA9OU0tleWVkQXJjaGl2ZXLRJidUcm9vdIABAAgAEQAaACMALQAyADcAQABGAE0AVQBgAGcAagBsAG4AcQBzAHUAdwCEAI4BBAEJAREDkQOTA5gDowOsA7oDvgPFA84D0wPgA+MD9QP4A/0AAAAAAAACAQAAAAAAAAAoAAAAAAAAAAAAAAAAAAAD/w==}}

@article{Wall,
	Author = {A. Bel-Brunon and S. Kehl and C. Martin and S. Uhlig and W.A. Wall},
	Date-Added = {2016-02-24 03:26:58 +0000},
	Date-Modified = {2016-02-25 19:18:22 +0000},
	Journal = {Journal of the Mechanical Behavior of Biomechanical Materials},
	Month = {September},
	Pages = {360--374},
	Title = {Numerical identification method for the non-linear viscoelastic compressible behavior of soft tissue using uniaxial tensile tests and image registration -- Application to rat lung parenchyma},
	Volume = {29},
	Year = {2014},
	Bdsk-File-1 = {YnBsaXN0MDDUAQIDBAUGJCVYJHZlcnNpb25YJG9iamVjdHNZJGFyY2hpdmVyVCR0b3ASAAGGoKgHCBMUFRYaIVUkbnVsbNMJCgsMDxJXTlMua2V5c1pOUy5vYmplY3RzViRjbGFzc6INDoACgAOiEBGABIAFgAdccmVsYXRpdmVQYXRoWWFsaWFzRGF0YW8Q3QAuAC4ALwAuAC4ALwAuAC4ALwBEAHIAbwBwAGIAbwB4AC8AUgBlAGYAZQByAGUAbgBjAGUAcwAvAE4AdQBtAGUAcgBpAGMAYQBsACAAaQBkAGUAbgB0AGkAZgBpAGMAYQB0AGkAbwBuACAAbQBlAHQAaABvAGQAIABmAG8AcgAgAHQAaABlACAAbgBvAG4ALQBsAGkAbgBlAGEAcgAgAHYAaQBzAGMAbwBlAGwAYQBzAHQAaQBjACAAYwBvAG0AcAByAGUAcwBzAGkAYgBsAGUAIABiAGUAaABhAHYAaQBvAHIAIABvAGYAIABzAG8AZgB0ACAAdABpAHMAcwB1AGUAIAB1AHMAaQBuAGcAIAB1AG4AaQBhAHgAaQBhAGwAIAB0AGUAbgBzAGkAbABlACAAdABlAHMAdABzACAAYQBuAGQAIABpAG0AYQBnAGUAIAByAGUAZwBpAHMAdAByAGEAdABpAG8AbgAgIBMAIABBAHAAcABsAGkAYwBhAHQAaQBvAG4AIAB0AG8AIAByAGEAdAAgAGwAdQBuAGcAIABwAGEAcgBlAG4AYwBoAHkAbQBhAC4AcABkAGbSFwsYGVdOUy5kYXRhTxEDvAAAAAADvAACAAAMTWFjaW50b3NoIEhEAAAAAAAAAAAAAAAAAAAAz9PyhkgrAAACOp4gH051bWVyaWNhbCBpZGVudGlmaWMjMjNBRUREMC5wZGYAAAAAAAAAAAAAAAAAAAAAAAAAAAAAAAAAAAAAAAAAAAI67dDS8oydAAAAAAAAAAAAAwADAAAJIAAAAAAAAAAAAAAAAAAAAApSZWZlcmVuY2VzABAACAAAz9QqxgAAABEACAAA0vLS7QAAAAEAEAI6niAAsKvnAAk0SQACZvkAAgBNTWFjaW50b3NoIEhEOlVzZXJzOgBKaWU6AERyb3Bib3g6AFJlZmVyZW5jZXM6AE51bWVyaWNhbCBpZGVudGlmaWMjMjNBRUREMC5wZGYAAA4BhADBAE4AdQBtAGUAcgBpAGMAYQBsACAAaQBkAGUAbgB0AGkAZgBpAGMAYQB0AGkAbwBuACAAbQBlAHQAaABvAGQAIABmAG8AcgAgAHQAaABlACAAbgBvAG4ALQBsAGkAbgBlAGEAcgAgAHYAaQBzAGMAbwBlAGwAYQBzAHQAaQBjACAAYwBvAG0AcAByAGUAcwBzAGkAYgBsAGUAIABiAGUAaABhAHYAaQBvAHIAIABvAGYAIABzAG8AZgB0ACAAdABpAHMAcwB1AGUAIAB1AHMAaQBuAGcAIAB1AG4AaQBhAHgAaQBhAGwAIAB0AGUAbgBzAGkAbABlACAAdABlAHMAdABzACAAYQBuAGQAIABpAG0AYQBnAGUAIAByAGUAZwBpAHMAdAByAGEAdABpAG8AbgAgIBMAIABBAHAAcABsAGkAYwBhAHQAaQBvAG4AIAB0AG8AIAByAGEAdAAgAGwAdQBuAGcAIABwAGEAcgBlAG4AYwBoAHkAbQBhAC4AcABkAGYADwAaAAwATQBhAGMAaQBuAHQAbwBzAGgAIABIAEQAEgDgVXNlcnMvSmllL0Ryb3Bib3gvUmVmZXJlbmNlcy9OdW1lcmljYWwgaWRlbnRpZmljYXRpb24gbWV0aG9kIGZvciB0aGUgbm9uLWxpbmVhciB2aXNjb2VsYXN0aWMgY29tcHJlc3NpYmxlIGJlaGF2aW9yIG9mIHNvZnQgdGlzc3VlIHVzaW5nIHVuaWF4aWFsIHRlbnNpbGUgdGVzdHMgYW5kIGltYWdlIHJlZ2lzdHJhdGlvbiDigJMgQXBwbGljYXRpb24gdG8gcmF0IGx1bmcgcGFyZW5jaHltYS5wZGYAEwABLwAAFQACAAr//wAAgAbSGxwdHlokY2xhc3NuYW1lWCRjbGFzc2VzXU5TTXV0YWJsZURhdGGjHR8gVk5TRGF0YVhOU09iamVjdNIbHCIjXE5TRGljdGlvbmFyeaIiIF8QD05TS2V5ZWRBcmNoaXZlctEmJ1Ryb290gAEACAARABoAIwAtADIANwBAAEYATQBVAGAAZwBqAGwAbgBxAHMAdQB3AIQAjgJLAlACWAYYBhoGHwYqBjMGQQZFBkwGVQZaBmcGagZ8Bn8GhAAAAAAAAAIBAAAAAAAAACgAAAAAAAAAAAAAAAAAAAaG}}

@article{Gilchrist,
	Author = {Badar Rashid and Michel Destrade and Michael D. Gilchrist},
	Date-Added = {2016-02-24 03:18:55 +0000},
	Date-Modified = {2016-02-25 19:18:11 +0000},
	Journal = {Journal of the Mechanical Behavior of Biomechanical Materials},
	Month = {July},
	Pages = {71--85},
	Title = {Mechanical characterization of brain tissue in simple shear at dynamic strain rates},
	Volume = {28},
	Year = {2013},
	Bdsk-File-1 = {YnBsaXN0MDDUAQIDBAUGJCVYJHZlcnNpb25YJG9iamVjdHNZJGFyY2hpdmVyVCR0b3ASAAGGoKgHCBMUFRYaIVUkbnVsbNMJCgsMDxJXTlMua2V5c1pOUy5vYmplY3RzViRjbGFzc6INDoACgAOiEBGABIAFgAdccmVsYXRpdmVQYXRoWWFsaWFzRGF0YV8Qcy4uLy4uLy4uL0Ryb3Bib3gvUmVmZXJlbmNlcy9NZWNoYW5pY2FsIGNoYXJhY3Rlcml6YXRpb24gb2YgYnJhaW4gdGlzc3VlIGluIHNpbXBsZSBzaGVhciBhdCBkeW5hbWljIHN0cmFpbiByYXRlcy5wZGbSFwsYGVdOUy5kYXRhTxECfAAAAAACfAACAAAMTWFjaW50b3NoIEhEAAAAAAAAAAAAAAAAAAAAz9PyhkgrAAACOp4gH01lY2hhbmljYWwgY2hhcmFjdGUjMjNBRUJERC5wZGYAAAAAAAAAAAAAAAAAAAAAAAAAAAAAAAAAAAAAAAAAAAI6693S8otFAAAAAAAAAAAAAwADAAAJIAAAAAAAAAAAAAAAAAAAAApSZWZlcmVuY2VzABAACAAAz9QqxgAAABEACAAA0vLRlQAAAAEAEAI6niAAsKvnAAk0SQACZvkAAgBNTWFjaW50b3NoIEhEOlVzZXJzOgBKaWU6AERyb3Bib3g6AFJlZmVyZW5jZXM6AE1lY2hhbmljYWwgY2hhcmFjdGUjMjNBRUJERC5wZGYAAA4AsABXAE0AZQBjAGgAYQBuAGkAYwBhAGwAIABjAGgAYQByAGEAYwB0AGUAcgBpAHoAYQB0AGkAbwBuACAAbwBmACAAYgByAGEAaQBuACAAdABpAHMAcwB1AGUAIABpAG4AIABzAGkAbQBwAGwAZQAgAHMAaABlAGEAcgAgAGEAdAAgAGQAeQBuAGEAbQBpAGMAIABzAHQAcgBhAGkAbgAgAHIAYQB0AGUAcwAuAHAAZABmAA8AGgAMAE0AYQBjAGkAbgB0AG8AcwBoACAASABEABIAdFVzZXJzL0ppZS9Ecm9wYm94L1JlZmVyZW5jZXMvTWVjaGFuaWNhbCBjaGFyYWN0ZXJpemF0aW9uIG9mIGJyYWluIHRpc3N1ZSBpbiBzaW1wbGUgc2hlYXIgYXQgZHluYW1pYyBzdHJhaW4gcmF0ZXMucGRmABMAAS8AABUAAgAK//8AAIAG0hscHR5aJGNsYXNzbmFtZVgkY2xhc3Nlc11OU011dGFibGVEYXRhox0fIFZOU0RhdGFYTlNPYmplY3TSGxwiI1xOU0RpY3Rpb25hcnmiIiBfEA9OU0tleWVkQXJjaGl2ZXLRJidUcm9vdIABAAgAEQAaACMALQAyADcAQABGAE0AVQBgAGcAagBsAG4AcQBzAHUAdwCEAI4BBAEJAREDkQOTA5gDowOsA7oDvgPFA84D0wPgA+MD9QP4A/0AAAAAAAACAQAAAAAAAAAoAAAAAAAAAAAAAAAAAAAD/w==}}

@article{Samani,
	Author = {T. Kaster and I. Sack and A. Samani},
	Date-Added = {2016-02-24 03:15:28 +0000},
	Date-Modified = {2016-02-25 19:18:05 +0000},
	Journal = {Journal of Biomechanics},
	Month = {January},
	Pages = {1158--1163},
	Title = {Measurement of the hyperelastic properties of ex vivo brain tissue slices},
	Volume = {44},
	Year = {2011},
	Bdsk-File-1 = {YnBsaXN0MDDUAQIDBAUGJCVYJHZlcnNpb25YJG9iamVjdHNZJGFyY2hpdmVyVCR0b3ASAAGGoKgHCBMUFRYaIVUkbnVsbNMJCgsMDxJXTlMua2V5c1pOUy5vYmplY3RzViRjbGFzc6INDoACgAOiEBGABIAFgAdccmVsYXRpdmVQYXRoWWFsaWFzRGF0YV8QaS4uLy4uLy4uL0Ryb3Bib3gvUmVmZXJlbmNlcy9NZWFzdXJlbWVudCBvZiB0aGUgaHlwZXJlbGFzdGljIHByb3BlcnRpZXMgb2YgZXggdml2byBicmFpbiB0aXNzdWUgc2xpY2VzLnBkZtIXCxgZV05TLmRhdGFPEQJeAAAAAAJeAAIAAAxNYWNpbnRvc2ggSEQAAAAAAAAAAAAAAAAAAADP0/KGSCsAAAI6niAfTWVhc3VyZW1lbnQgb2YgdGhlICMyM0FFOUMxLnBkZgAAAAAAAAAAAAAAAAAAAAAAAAAAAAAAAAAAAAAAAAAAAjrpwdLyikYAAAAAAAAAAAADAAMAAAkgAAAAAAAAAAAAAAAAAAAAClJlZmVyZW5jZXMAEAAIAADP1CrGAAAAEQAIAADS8tCWAAAAAQAQAjqeIACwq+cACTRJAAJm+QACAE1NYWNpbnRvc2ggSEQ6VXNlcnM6AEppZToARHJvcGJveDoAUmVmZXJlbmNlczoATWVhc3VyZW1lbnQgb2YgdGhlICMyM0FFOUMxLnBkZgAADgCcAE0ATQBlAGEAcwB1AHIAZQBtAGUAbgB0ACAAbwBmACAAdABoAGUAIABoAHkAcABlAHIAZQBsAGEAcwB0AGkAYwAgAHAAcgBvAHAAZQByAHQAaQBlAHMAIABvAGYAIABlAHgAIAB2AGkAdgBvACAAYgByAGEAaQBuACAAdABpAHMAcwB1AGUAIABzAGwAaQBjAGUAcwAuAHAAZABmAA8AGgAMAE0AYQBjAGkAbgB0AG8AcwBoACAASABEABIAalVzZXJzL0ppZS9Ecm9wYm94L1JlZmVyZW5jZXMvTWVhc3VyZW1lbnQgb2YgdGhlIGh5cGVyZWxhc3RpYyBwcm9wZXJ0aWVzIG9mIGV4IHZpdm8gYnJhaW4gdGlzc3VlIHNsaWNlcy5wZGYAEwABLwAAFQACAAr//wAAgAbSGxwdHlokY2xhc3NuYW1lWCRjbGFzc2VzXU5TTXV0YWJsZURhdGGjHR8gVk5TRGF0YVhOU09iamVjdNIbHCIjXE5TRGljdGlvbmFyeaIiIF8QD05TS2V5ZWRBcmNoaXZlctEmJ1Ryb290gAEACAARABoAIwAtADIANwBAAEYATQBVAGAAZwBqAGwAbgBxAHMAdQB3AIQAjgD6AP8BBwNpA2sDcAN7A4QDkgOWA50DpgOrA7gDuwPNA9AD1QAAAAAAAAIBAAAAAAAAACgAAAAAAAAAAAAAAAAAAAPX}}

@article{Karimi,
	Author = {Alireza Karimi and Mahdi Navidbakhsh and Borhan Beigzadeh and Shahab Faghihi},
	Date-Added = {2016-02-24 03:07:16 +0000},
	Date-Modified = {2016-02-25 19:17:23 +0000},
	Journal = {International Journal of Damage Mechanics},
	Number = {0},
	Pages = {1--15},
	Title = {Hyperelastic mechanical behavior of rat brain infected by Plasmodium berghei ANKA -- experimental testing and constitutive modelling},
	Volume = {0},
	Year = {2013},
	Bdsk-File-1 = {YnBsaXN0MDDUAQIDBAUGJCVYJHZlcnNpb25YJG9iamVjdHNZJGFyY2hpdmVyVCR0b3ASAAGGoKgHCBMUFRYaIVUkbnVsbNMJCgsMDxJXTlMua2V5c1pOUy5vYmplY3RzViRjbGFzc6INDoACgAOiEBGABIAFgAdccmVsYXRpdmVQYXRoWWFsaWFzRGF0YW8QowAuAC4ALwAuAC4ALwAuAC4ALwBEAHIAbwBwAGIAbwB4AC8AUgBlAGYAZQByAGUAbgBjAGUAcwAvAEgAeQBwAGUAcgBlAGwAYQBzAHQAaQBjACAAbQBlAGMAaABhAG4AaQBjAGEAbAAgAGIAZQBoAGEAdgBpAG8AcgAgAG8AZgAgAHIAYQB0ACAAYgByAGEAaQBuACAAaQBuAGYAZQBjAHQAZQBkACAAYgB5ACAAUABsAGEAcwBtAG8AZABpAHUAbQAgAGIAZQByAGcAaABlAGkAIABBAE4ASwBBACAgEwAgAGUAeABwAGUAcgBpAG0AZQBuAHQAYQBsACAAdABlAHMAdABpAG4AZwAgAGEAbgBkACAAYwBvAG4AcwB0AGkAdAB1AHQAaQB2AGUAIABtAG8AZABlAGwAbABpAG4AZwAuAHAAZABm0hcLGBlXTlMuZGF0YU8RAw4AAAAAAw4AAgAADE1hY2ludG9zaCBIRAAAAAAAAAAAAAAAAAAAAM/T8oZIKwAAAjqeIB9IeXBlcmVsYXN0aWMgbWVjaGFuIzIzQUUyOTEucGRmAAAAAAAAAAAAAAAAAAAAAAAAAAAAAAAAAAAAAAAAAAACOuKR0vKIaAAAAAAAAAAAAAMAAwAACSAAAAAAAAAAAAAAAAAAAAAKUmVmZXJlbmNlcwAQAAgAAM/UKsYAAAARAAgAANLyzrgAAAABABACOp4gALCr5wAJNEkAAmb5AAIATU1hY2ludG9zaCBIRDpVc2VyczoASmllOgBEcm9wYm94OgBSZWZlcmVuY2VzOgBIeXBlcmVsYXN0aWMgbWVjaGFuIzIzQUUyOTEucGRmAAAOARAAhwBIAHkAcABlAHIAZQBsAGEAcwB0AGkAYwAgAG0AZQBjAGgAYQBuAGkAYwBhAGwAIABiAGUAaABhAHYAaQBvAHIAIABvAGYAIAByAGEAdAAgAGIAcgBhAGkAbgAgAGkAbgBmAGUAYwB0AGUAZAAgAGIAeQAgAFAAbABhAHMAbQBvAGQAaQB1AG0AIABiAGUAcgBnAGgAZQBpACAAQQBOAEsAQQAgIBMAIABlAHgAcABlAHIAaQBtAGUAbgB0AGEAbAAgAHQAZQBzAHQAaQBuAGcAIABhAG4AZAAgAGMAbwBuAHMAdABpAHQAdQB0AGkAdgBlACAAbQBvAGQAZQBsAGwAaQBuAGcALgBwAGQAZgAPABoADABNAGEAYwBpAG4AdABvAHMAaAAgAEgARAASAKZVc2Vycy9KaWUvRHJvcGJveC9SZWZlcmVuY2VzL0h5cGVyZWxhc3RpYyBtZWNoYW5pY2FsIGJlaGF2aW9yIG9mIHJhdCBicmFpbiBpbmZlY3RlZCBieSBQbGFzbW9kaXVtIGJlcmdoZWkgQU5LQSDigJMgZXhwZXJpbWVudGFsIHRlc3RpbmcgYW5kIGNvbnN0aXR1dGl2ZSBtb2RlbGxpbmcucGRmABMAAS8AABUAAgAK//8AAIAG0hscHR5aJGNsYXNzbmFtZVgkY2xhc3Nlc11OU011dGFibGVEYXRhox0fIFZOU0RhdGFYTlNPYmplY3TSGxwiI1xOU0RpY3Rpb25hcnmiIiBfEA9OU0tleWVkQXJjaGl2ZXLRJidUcm9vdIABAAgAEQAaACMALQAyADcAQABGAE0AVQBgAGcAagBsAG4AcQBzAHUAdwCEAI4B1wHcAeQE9gT4BP0FCAURBR8FIwUqBTMFOAVFBUgFWgVdBWIAAAAAAAACAQAAAAAAAAAoAAAAAAAAAAAAAAAAAAAFZA==}}

@article{Zidi2,
	Author = {Ingrid Masson and Pierre Boutouyrie and Stephane Laurent and Jay D. Humphrey and Mustapha Zidi},
	Date-Added = {2016-02-24 02:55:51 +0000},
	Date-Modified = {2016-02-25 19:16:54 +0000},
	Journal = {Characterization of arterial wall mechanical behavior and stresses from human clinical data},
	Month = {June},
	Pages = {2618--2627},
	Title = {Characterization of arterial wall mechanical behavior and stresses from human clinical data},
	Volume = {41},
	Year = {2008},
	Bdsk-File-1 = {YnBsaXN0MDDUAQIDBAUGJCVYJHZlcnNpb25YJG9iamVjdHNZJGFyY2hpdmVyVCR0b3ASAAGGoKgHCBMUFRYaIVUkbnVsbNMJCgsMDxJXTlMua2V5c1pOUy5vYmplY3RzViRjbGFzc6INDoACgAOiEBGABIAFgAdccmVsYXRpdmVQYXRoWWFsaWFzRGF0YV8Qey4uLy4uLy4uL0Ryb3Bib3gvUmVmZXJlbmNlcy9DaGFyYWN0ZXJpemF0aW9uIG9mIGFydGVyaWFsIHdhbGwgbWVjaGFuaWNhbCBiZWhhdmlvciBhbmQgc3RyZXNzZXMgZnJvbSBodW1hbiBjbGluaWNhbCBkYXRhLnBkZtIXCxgZV05TLmRhdGFPEQKUAAAAAAKUAAIAAAxNYWNpbnRvc2ggSEQAAAAAAAAAAAAAAAAAAADP0/KGSCsAAAI6niAfQ2hhcmFjdGVyaXphdGlvbiBvZiMyM0FERjUyLnBkZgAAAAAAAAAAAAAAAAAAAAAAAAAAAAAAAAAAAAAAAAAAAjrfUtLyhX8AAAAAAAAAAAADAAMAAAkgAAAAAAAAAAAAAAAAAAAAClJlZmVyZW5jZXMAEAAIAADP1CrGAAAAEQAIAADS8svPAAAAAQAQAjqeIACwq+cACTRJAAJm+QACAE1NYWNpbnRvc2ggSEQ6VXNlcnM6AEppZToARHJvcGJveDoAUmVmZXJlbmNlczoAQ2hhcmFjdGVyaXphdGlvbiBvZiMyM0FERjUyLnBkZgAADgDAAF8AQwBoAGEAcgBhAGMAdABlAHIAaQB6AGEAdABpAG8AbgAgAG8AZgAgAGEAcgB0AGUAcgBpAGEAbAAgAHcAYQBsAGwAIABtAGUAYwBoAGEAbgBpAGMAYQBsACAAYgBlAGgAYQB2AGkAbwByACAAYQBuAGQAIABzAHQAcgBlAHMAcwBlAHMAIABmAHIAbwBtACAAaAB1AG0AYQBuACAAYwBsAGkAbgBpAGMAYQBsACAAZABhAHQAYQAuAHAAZABmAA8AGgAMAE0AYQBjAGkAbgB0AG8AcwBoACAASABEABIAfFVzZXJzL0ppZS9Ecm9wYm94L1JlZmVyZW5jZXMvQ2hhcmFjdGVyaXphdGlvbiBvZiBhcnRlcmlhbCB3YWxsIG1lY2hhbmljYWwgYmVoYXZpb3IgYW5kIHN0cmVzc2VzIGZyb20gaHVtYW4gY2xpbmljYWwgZGF0YS5wZGYAEwABLwAAFQACAAr//wAAgAbSGxwdHlokY2xhc3NuYW1lWCRjbGFzc2VzXU5TTXV0YWJsZURhdGGjHR8gVk5TRGF0YVhOU09iamVjdNIbHCIjXE5TRGljdGlvbmFyeaIiIF8QD05TS2V5ZWRBcmNoaXZlctEmJ1Ryb290gAEACAARABoAIwAtADIANwBAAEYATQBVAGAAZwBqAGwAbgBxAHMAdQB3AIQAjgEMAREBGQOxA7MDuAPDA8wD2gPeA+UD7gPzBAAEAwQVBBgEHQAAAAAAAAIBAAAAAAAAACgAAAAAAAAAAAAAAAAAAAQf}}

@article{Zidi,
	Author = {Ingrid Masson and Celine Fassot and Mustapha Zidi},
	Date-Added = {2016-02-24 02:24:29 +0000},
	Date-Modified = {2016-02-25 19:17:06 +0000},
	Journal = {European Journal of Mechanics A/Solids},
	Month = {March},
	Pages = {523--529},
	Title = {Finite dynamic deformations of a hyperelastic, anisotropic, incompressible and prestressed tube. Applications to in vivo arteries},
	Volume = {29},
	Year = {2010},
	Bdsk-File-1 = {YnBsaXN0MDDUAQIDBAUGJCVYJHZlcnNpb25YJG9iamVjdHNZJGFyY2hpdmVyVCR0b3ASAAGGoKgHCBMUFRYaIVUkbnVsbNMJCgsMDxJXTlMua2V5c1pOUy5vYmplY3RzViRjbGFzc6INDoACgAOiEBGABIAFgAdccmVsYXRpdmVQYXRoWWFsaWFzRGF0YV8QoS4uLy4uLy4uL0Ryb3Bib3gvUmVmZXJlbmNlcy9GaW5pdGUgZHluYW1pYyBkZWZvcm1hdGlvbnMgb2YgYSBoeXBlcmVsYXN0aWMsIGFuaXNvdHJvcGljLCBpbmNvbXByZXNzaWJsZSBhbmQgcHJlc3RyZXNzZWQgdHViZS4gQXBwbGljYXRpb25zIHRvIGluIHZpdm8gYXJ0ZXJpZXMucGRm0hcLGBlXTlMuZGF0YU8RAwYAAAAAAwYAAgAADE1hY2ludG9zaCBIRAAAAAAAAAAAAAAAAAAAAM/T8oZIKwAAAjqeIB9GaW5pdGUgZHluYW1pYyBkZWZvIzIzQURENzYucGRmAAAAAAAAAAAAAAAAAAAAAAAAAAAAAAAAAAAAAAAAAAACOt120vJ9rAAAAAAAAAAAAAMAAwAACSAAAAAAAAAAAAAAAAAAAAAKUmVmZXJlbmNlcwAQAAgAAM/UKsYAAAARAAgAANLyw/wAAAABABACOp4gALCr5wAJNEkAAmb5AAIATU1hY2ludG9zaCBIRDpVc2VyczoASmllOgBEcm9wYm94OgBSZWZlcmVuY2VzOgBGaW5pdGUgZHluYW1pYyBkZWZvIzIzQURENzYucGRmAAAOAQwAhQBGAGkAbgBpAHQAZQAgAGQAeQBuAGEAbQBpAGMAIABkAGUAZgBvAHIAbQBhAHQAaQBvAG4AcwAgAG8AZgAgAGEAIABoAHkAcABlAHIAZQBsAGEAcwB0AGkAYwAsACAAYQBuAGkAcwBvAHQAcgBvAHAAaQBjACwAIABpAG4AYwBvAG0AcAByAGUAcwBzAGkAYgBsAGUAIABhAG4AZAAgAHAAcgBlAHMAdAByAGUAcwBzAGUAZAAgAHQAdQBiAGUALgAgAEEAcABwAGwAaQBjAGEAdABpAG8AbgBzACAAdABvACAAaQBuACAAdgBpAHYAbwAgAGEAcgB0AGUAcgBpAGUAcwAuAHAAZABmAA8AGgAMAE0AYQBjAGkAbgB0AG8AcwBoACAASABEABIAolVzZXJzL0ppZS9Ecm9wYm94L1JlZmVyZW5jZXMvRmluaXRlIGR5bmFtaWMgZGVmb3JtYXRpb25zIG9mIGEgaHlwZXJlbGFzdGljLCBhbmlzb3Ryb3BpYywgaW5jb21wcmVzc2libGUgYW5kIHByZXN0cmVzc2VkIHR1YmUuIEFwcGxpY2F0aW9ucyB0byBpbiB2aXZvIGFydGVyaWVzLnBkZgATAAEvAAAVAAIACv//AACABtIbHB0eWiRjbGFzc25hbWVYJGNsYXNzZXNdTlNNdXRhYmxlRGF0YaMdHyBWTlNEYXRhWE5TT2JqZWN00hscIiNcTlNEaWN0aW9uYXJ5oiIgXxAPTlNLZXllZEFyY2hpdmVy0SYnVHJvb3SAAQAIABEAGgAjAC0AMgA3AEAARgBNAFUAYABnAGoAbABuAHEAcwB1AHcAhACOATIBNwE/BEkESwRQBFsEZARyBHYEfQSGBIsEmASbBK0EsAS1AAAAAAAAAgEAAAAAAAAAKAAAAAAAAAAAAAAAAAAABLc=}}

@article{Bols,
	Author = {J. Bols and J. Degroote and B. Trachet and B. Verhegghe and P. Segers and J. Vierendeels},
	Date-Added = {2016-02-24 01:47:44 +0000},
	Date-Modified = {2016-02-25 19:17:13 +0000},
	Journal = {Journal of Computational and Applied Mathematics},
	Month = {July},
	Pages = {10--17},
	Title = {Finite element modelling of cell wall properties for onion epidermis using a fibre-reinforced hyperelastic model},
	Volume = {246},
	Year = {2013},
	Bdsk-File-1 = {YnBsaXN0MDDUAQIDBAUGJCVYJHZlcnNpb25YJG9iamVjdHNZJGFyY2hpdmVyVCR0b3ASAAGGoKgHCBMUFRYaIVUkbnVsbNMJCgsMDxJXTlMua2V5c1pOUy5vYmplY3RzViRjbGFzc6INDoACgAOiEBGABIAFgAdccmVsYXRpdmVQYXRoWWFsaWFzRGF0YV8Qki4uLy4uLy4uL0Ryb3Bib3gvUmVmZXJlbmNlcy9BIGNvbXB1dGF0aW9uYWwgbWV0aG9kIHRvIGFzc2VzcyB0aGUgaW4gdml2byBzdHJlc3NlcyBhbmQgdW5sb2FkZWQgY29uZmlndXJhdGlvbiBvZiBwYXRpZW50LXNwZWNpZmljIGJsb29kIHZlc3NlbHMucGRm0hcLGBlXTlMuZGF0YU8RAtoAAAAAAtoAAgAADE1hY2ludG9zaCBIRAAAAAAAAAAAAAAAAAAAAM/T8oZIKwAAAjqeIB9BIGNvbXB1dGF0aW9uYWwgbWV0IzIzQUMxRDEucGRmAAAAAAAAAAAAAAAAAAAAAAAAAAAAAAAAAAAAAAAAAAACOsHR0vJLGwAAAAAAAAAAAAMAAwAACSAAAAAAAAAAAAAAAAAAAAAKUmVmZXJlbmNlcwAQAAgAAM/UKsYAAAARAAgAANLykWsAAAABABACOp4gALCr5wAJNEkAAmb5AAIATU1hY2ludG9zaCBIRDpVc2VyczoASmllOgBEcm9wYm94OgBSZWZlcmVuY2VzOgBBIGNvbXB1dGF0aW9uYWwgbWV0IzIzQUMxRDEucGRmAAAOAO4AdgBBACAAYwBvAG0AcAB1AHQAYQB0AGkAbwBuAGEAbAAgAG0AZQB0AGgAbwBkACAAdABvACAAYQBzAHMAZQBzAHMAIAB0AGgAZQAgAGkAbgAgAHYAaQB2AG8AIABzAHQAcgBlAHMAcwBlAHMAIABhAG4AZAAgAHUAbgBsAG8AYQBkAGUAZAAgAGMAbwBuAGYAaQBnAHUAcgBhAHQAaQBvAG4AIABvAGYAIABwAGEAdABpAGUAbgB0AC0AcwBwAGUAYwBpAGYAaQBjACAAYgBsAG8AbwBkACAAdgBlAHMAcwBlAGwAcwAuAHAAZABmAA8AGgAMAE0AYQBjAGkAbgB0AG8AcwBoACAASABEABIAk1VzZXJzL0ppZS9Ecm9wYm94L1JlZmVyZW5jZXMvQSBjb21wdXRhdGlvbmFsIG1ldGhvZCB0byBhc3Nlc3MgdGhlIGluIHZpdm8gc3RyZXNzZXMgYW5kIHVubG9hZGVkIGNvbmZpZ3VyYXRpb24gb2YgcGF0aWVudC1zcGVjaWZpYyBibG9vZCB2ZXNzZWxzLnBkZgAAEwABLwAAFQACAAr//wAAgAbSGxwdHlokY2xhc3NuYW1lWCRjbGFzc2VzXU5TTXV0YWJsZURhdGGjHR8gVk5TRGF0YVhOU09iamVjdNIbHCIjXE5TRGljdGlvbmFyeaIiIF8QD05TS2V5ZWRBcmNoaXZlctEmJ1Ryb290gAEACAARABoAIwAtADIANwBAAEYATQBVAGAAZwBqAGwAbgBxAHMAdQB3AIQAjgEjASgBMAQOBBAEFQQgBCkENwQ7BEIESwRQBF0EYARyBHUEegAAAAAAAAIBAAAAAAAAACgAAAAAAAAAAAAAAAAAAAR8}}

@article{Qian,
	Author = {Ming Qian and Darren M. Wells and Authur Jones and Adib Becker},
	Date-Added = {2016-02-24 01:29:59 +0000},
	Date-Modified = {2016-02-25 19:17:17 +0000},
	Journal = {Journal of Structural Biology},
	Month = {August},
	Pages = {300--304},
	Title = {Finite element modelling of cell wall properties for onion epidermis using a fibre-reinforced hyperelastic model},
	Volume = {172},
	Year = {2010},
	Bdsk-File-1 = {YnBsaXN0MDDUAQIDBAUGJCVYJHZlcnNpb25YJG9iamVjdHNZJGFyY2hpdmVyVCR0b3ASAAGGoKgHCBMUFRYaIVUkbnVsbNMJCgsMDxJXTlMua2V5c1pOUy5vYmplY3RzViRjbGFzc6INDoACgAOiEBGABIAFgAdccmVsYXRpdmVQYXRoWWFsaWFzRGF0YV8QkC4uLy4uLy4uL0Ryb3Bib3gvUmVmZXJlbmNlcy9GaW5pdGUgZWxlbWVudCBtb2RlbGxpbmcgb2YgY2VsbCB3YWxsIHByb3BlcnRpZXMgZm9yIG9uaW9uIGVwaWRlcm1pcyB1c2luZyBhIGZpYnJlLXJlaW5mb3JjZWQgaHlwZXJlbGFzdGljIG1vZGVsLnBkZtIXCxgZV05TLmRhdGFPEQLUAAAAAALUAAIAAAxNYWNpbnRvc2ggSEQAAAAAAAAAAAAAAAAAAADP0/KGSCsAAAI6niAfRmluaXRlIGVsZW1lbnQgbW9kZSMyM0FCOUE5LnBkZgAAAAAAAAAAAAAAAAAAAAAAAAAAAAAAAAAAAAAAAAAAAjq5qdLyRKkAAAAAAAAAAAADAAMAAAkgAAAAAAAAAAAAAAAAAAAAClJlZmVyZW5jZXMAEAAIAADP1CrGAAAAEQAIAADS8or5AAAAAQAQAjqeIACwq+cACTRJAAJm+QACAE1NYWNpbnRvc2ggSEQ6VXNlcnM6AEppZToARHJvcGJveDoAUmVmZXJlbmNlczoARmluaXRlIGVsZW1lbnQgbW9kZSMyM0FCOUE5LnBkZgAADgDqAHQARgBpAG4AaQB0AGUAIABlAGwAZQBtAGUAbgB0ACAAbQBvAGQAZQBsAGwAaQBuAGcAIABvAGYAIABjAGUAbABsACAAdwBhAGwAbAAgAHAAcgBvAHAAZQByAHQAaQBlAHMAIABmAG8AcgAgAG8AbgBpAG8AbgAgAGUAcABpAGQAZQByAG0AaQBzACAAdQBzAGkAbgBnACAAYQAgAGYAaQBiAHIAZQAtAHIAZQBpAG4AZgBvAHIAYwBlAGQAIABoAHkAcABlAHIAZQBsAGEAcwB0AGkAYwAgAG0AbwBkAGUAbAAuAHAAZABmAA8AGgAMAE0AYQBjAGkAbgB0AG8AcwBoACAASABEABIAkVVzZXJzL0ppZS9Ecm9wYm94L1JlZmVyZW5jZXMvRmluaXRlIGVsZW1lbnQgbW9kZWxsaW5nIG9mIGNlbGwgd2FsbCBwcm9wZXJ0aWVzIGZvciBvbmlvbiBlcGlkZXJtaXMgdXNpbmcgYSBmaWJyZS1yZWluZm9yY2VkIGh5cGVyZWxhc3RpYyBtb2RlbC5wZGYAABMAAS8AABUAAgAK//8AAIAG0hscHR5aJGNsYXNzbmFtZVgkY2xhc3Nlc11OU011dGFibGVEYXRhox0fIFZOU0RhdGFYTlNPYmplY3TSGxwiI1xOU0RpY3Rpb25hcnmiIiBfEA9OU0tleWVkQXJjaGl2ZXLRJidUcm9vdIABAAgAEQAaACMALQAyADcAQABGAE0AVQBgAGcAagBsAG4AcQBzAHUAdwCEAI4BIQEmAS4EBgQIBA0EGAQhBC8EMwQ6BEMESARVBFgEagRtBHIAAAAAAAACAQAAAAAAAAAoAAAAAAAAAAAAAAAAAAAEdA==}}

@article{Oberai,
	Author = {Assad A Oberai and Nachiket H Gokhale and Sevan Goenezen and Paul E Barbone and Timothy J Hall and Amy M Sommer and Jingfeng Jiang},
	Date-Added = {2016-02-24 01:08:45 +0000},
	Date-Modified = {2016-02-25 19:17:43 +0000},
	Journal = {Physics in Medicine and Biology},
	Month = {January},
	Pages = {1191--1207},
	Title = {Linear and nonlinear elasticity imaging of soft tissue in vivo: demonstration of feasibility},
	Volume = {54},
	Year = {2009},
	Bdsk-File-1 = {YnBsaXN0MDDUAQIDBAUGJCVYJHZlcnNpb25YJG9iamVjdHNZJGFyY2hpdmVyVCR0b3ASAAGGoKgHCBMUFRYaIVUkbnVsbNMJCgsMDxJXTlMua2V5c1pOUy5vYmplY3RzViRjbGFzc6INDoACgAOiEBGABIAFgAdccmVsYXRpdmVQYXRoWWFsaWFzRGF0YV8QfC4uLy4uLy4uL0Ryb3Bib3gvUmVmZXJlbmNlcy9MaW5lYXIgYW5kIG5vbmxpbmVhciBlbGFzdGljaXR5IGltYWdpbmcgb2Ygc29mdCB0aXNzdWUgaW4gdml2by0gZGVtb25zdHJhdGlvbiBvZiBmZWFzaWJpbGl0eS5wZGbSFwsYGVdOUy5kYXRhTxECmAAAAAACmAACAAAMTWFjaW50b3NoIEhEAAAAAAAAAAAAAAAAAAAAz9PyhkgrAAACOp4gH0xpbmVhciBhbmQgbm9ubGluZWEjMjNBQkVGNC5wZGYAAAAAAAAAAAAAAAAAAAAAAAAAAAAAAAAAAAAAAAAAAAI6vvTS8kk9AAAAAAAAAAAAAwADAAAJIAAAAAAAAAAAAAAAAAAAAApSZWZlcmVuY2VzABAACAAAz9QqxgAAABEACAAA0vKPjQAAAAEAEAI6niAAsKvnAAk0SQACZvkAAgBNTWFjaW50b3NoIEhEOlVzZXJzOgBKaWU6AERyb3Bib3g6AFJlZmVyZW5jZXM6AExpbmVhciBhbmQgbm9ubGluZWEjMjNBQkVGNC5wZGYAAA4AwgBgAEwAaQBuAGUAYQByACAAYQBuAGQAIABuAG8AbgBsAGkAbgBlAGEAcgAgAGUAbABhAHMAdABpAGMAaQB0AHkAIABpAG0AYQBnAGkAbgBnACAAbwBmACAAcwBvAGYAdAAgAHQAaQBzAHMAdQBlACAAaQBuACAAdgBpAHYAbwAtACAAZABlAG0AbwBuAHMAdAByAGEAdABpAG8AbgAgAG8AZgAgAGYAZQBhAHMAaQBiAGkAbABpAHQAeQAuAHAAZABmAA8AGgAMAE0AYQBjAGkAbgB0AG8AcwBoACAASABEABIAfVVzZXJzL0ppZS9Ecm9wYm94L1JlZmVyZW5jZXMvTGluZWFyIGFuZCBub25saW5lYXIgZWxhc3RpY2l0eSBpbWFnaW5nIG9mIHNvZnQgdGlzc3VlIGluIHZpdm8tIGRlbW9uc3RyYXRpb24gb2YgZmVhc2liaWxpdHkucGRmAAATAAEvAAAVAAIACv//AACABtIbHB0eWiRjbGFzc25hbWVYJGNsYXNzZXNdTlNNdXRhYmxlRGF0YaMdHyBWTlNEYXRhWE5TT2JqZWN00hscIiNcTlNEaWN0aW9uYXJ5oiIgXxAPTlNLZXllZEFyY2hpdmVy0SYnVHJvb3SAAQAIABEAGgAjAC0AMgA3AEAARgBNAFUAYABnAGoAbABuAHEAcwB1AHcAhACOAQ0BEgEaA7YDuAO9A8gD0QPfA+MD6gPzA/gEBQQIBBoEHQQiAAAAAAAAAgEAAAAAAAAAKAAAAAAAAAAAAAAAAAAABCQ=}}

@article{OHagen,
	Author = {Joseph J O'Hagen and Abbas Samani},
	Date-Added = {2016-02-23 22:54:09 +0000},
	Date-Modified = {2016-02-25 19:18:00 +0000},
	Journal = {Physics in Medicine and Biology},
	Month = {April},
	Pages = {2557--2569},
	Title = {Measurement of the hyperelastic properties of 44 pathological ex vivo breast tissue samples},
	Volume = {54},
	Year = {2009},
	Bdsk-File-1 = {YnBsaXN0MDDUAQIDBAUGJCVYJHZlcnNpb25YJG9iamVjdHNZJGFyY2hpdmVyVCR0b3ASAAGGoKgHCBMUFRYaIVUkbnVsbNMJCgsMDxJXTlMua2V5c1pOUy5vYmplY3RzViRjbGFzc6INDoACgAOiEBGABIAFgAdccmVsYXRpdmVQYXRoWWFsaWFzRGF0YV8Qey4uLy4uLy4uL0Ryb3Bib3gvUmVmZXJlbmNlcy9NZWFzdXJlbWVudCBvZiB0aGUgaHlwZXJlbGFzdGljIHByb3BlcnRpZXMgb2YgNDQgcGF0aG9sb2dpY2FsIGV4IHZpdm8gYnJlYXN0IHRpc3N1ZSBzYW1wbGVzLnBkZtIXCxgZV05TLmRhdGFPEQKUAAAAAAKUAAIAAAxNYWNpbnRvc2ggSEQAAAAAAAAAAAAAAAAAAADP0/KGSCsAAAI6niAfTWVhc3VyZW1lbnQgb2YgdGhlICMyM0FCNUE0LnBkZgAAAAAAAAAAAAAAAAAAAAAAAAAAAAAAAAAAAAAAAAAAAjq1pNLyQlcAAAAAAAAAAAADAAMAAAkgAAAAAAAAAAAAAAAAAAAAClJlZmVyZW5jZXMAEAAIAADP1CrGAAAAEQAIAADS8oinAAAAAQAQAjqeIACwq+cACTRJAAJm+QACAE1NYWNpbnRvc2ggSEQ6VXNlcnM6AEppZToARHJvcGJveDoAUmVmZXJlbmNlczoATWVhc3VyZW1lbnQgb2YgdGhlICMyM0FCNUE0LnBkZgAADgDAAF8ATQBlAGEAcwB1AHIAZQBtAGUAbgB0ACAAbwBmACAAdABoAGUAIABoAHkAcABlAHIAZQBsAGEAcwB0AGkAYwAgAHAAcgBvAHAAZQByAHQAaQBlAHMAIABvAGYAIAA0ADQAIABwAGEAdABoAG8AbABvAGcAaQBjAGEAbAAgAGUAeAAgAHYAaQB2AG8AIABiAHIAZQBhAHMAdAAgAHQAaQBzAHMAdQBlACAAcwBhAG0AcABsAGUAcwAuAHAAZABmAA8AGgAMAE0AYQBjAGkAbgB0AG8AcwBoACAASABEABIAfFVzZXJzL0ppZS9Ecm9wYm94L1JlZmVyZW5jZXMvTWVhc3VyZW1lbnQgb2YgdGhlIGh5cGVyZWxhc3RpYyBwcm9wZXJ0aWVzIG9mIDQ0IHBhdGhvbG9naWNhbCBleCB2aXZvIGJyZWFzdCB0aXNzdWUgc2FtcGxlcy5wZGYAEwABLwAAFQACAAr//wAAgAbSGxwdHlokY2xhc3NuYW1lWCRjbGFzc2VzXU5TTXV0YWJsZURhdGGjHR8gVk5TRGF0YVhOU09iamVjdNIbHCIjXE5TRGljdGlvbmFyeaIiIF8QD05TS2V5ZWRBcmNoaXZlctEmJ1Ryb290gAEACAARABoAIwAtADIANwBAAEYATQBVAGAAZwBqAGwAbgBxAHMAdQB3AIQAjgEMAREBGQOxA7MDuAPDA8wD2gPeA+UD7gPzBAAEAwQVBBgEHQAAAAAAAAIBAAAAAAAAACgAAAAAAAAAAAAAAAAAAAQf}}
